@article{karypis1998fast,
  title={A fast and high quality multilevel scheme for partitioning irregular graphs},
  author={Karypis, G. and Kumar, V.},
  journal={SIAM Journal on scientific Computing},
  volume={20},
  number={1},
  pages={359--392},
  year={1998},
  publisher={SIAM}
}
@article{sukumar2000extended,
  title={Extended finite element method for three-dimensional crack modelling},
  author={Sukumar, N. and Mo{\"e}s, N. and Moran, B. and Belytschko, T.},
  journal={International journal for numerical methods in engineering},
  volume={48},
  number={11},
  pages={1549--1570},
  year={2000},
  publisher={Wiley Online Library}
}


@article{song2015extraction,
  title={Extraction of stress intensity factors from Irwin's integral using high-order XFEM on triangular meshes},
  author={Song, G. and Waisman, H. and Lan, M. and Harari, I.},
  journal={International Journal for Numerical Methods in Engineering},
  volume={102},
  number={3-4},
  pages={528--550},
  year={2015},
  publisher={Wiley Online Library}
}


@article{wang2017material,
  title={Material-dependent crack-tip enrichment functions in XFEM for modeling interfacial cracks in bimaterials},
  author={Wang, Y. and Waisman, H.},
  journal={International Journal for Numerical Methods in Engineering},
  volume={112},
  number={11},
  pages={1495--1518},
  year={2017},
  publisher={Wiley Online Library}
}


@article{wang2016diffuse,
  title={From diffuse damage to sharp cohesive cracks: A coupled XFEM framework for failure analysis of quasi-brittle materials},
  author={Wang, Y. and Waisman, H.},
  journal={Computer Methods in Applied Mechanics and Engineering},
  volume={299},
  pages={57--89},
  year={2016},
  publisher={Elsevier}
}


@article{casquero2016hybrid,
  title={A hybrid variational-collocation immersed method for fluid-structure interaction using unstructured T-splines},
  author={Casquero, H. and Liu, L. and Bona-Casas, C. and Zhang, Y. and Gomez, H.},
  journal={International Journal for Numerical Methods in Engineering},
  volume={105},
  number={11},
  pages={855--880},
  year={2016},
  publisher={Wiley Online Library}
}

@article{casquero2021divergence,
  title={The divergence-conforming immersed boundary method: Application to vesicle and capsule dynamics},
  author={Casquero, H. and Bona-Casas, C. and Toshniwal, D. and Hughes, T. and Gomez, H. and Zhang, Y.},
  journal={Journal of Computational Physics},
  volume={425},
  pages={109872},
  year={2021},
  publisher={Elsevier}
}


@article{casquero2015nurbs,
  title={A NURBS-based immersed methodology for fluid--structure interaction},
  author={Casquero, H. and Bona-Casas, C. and Gomez, H.},
  journal={Computer Methods in Applied Mechanics and Engineering},
  volume={284},
  pages={943--970},
  year={2015},
  publisher={Elsevier}
}


@article{wu2019immersogeometric,
  title={Immersogeometric fluid--structure interaction modeling and simulation of transcatheter aortic valve replacement},
  author={Wu, M. and Muchowski, H. and Johnson, E. and Rajanna, M. and Hsu, M.},
  journal={Computer Methods in Applied Mechanics and Engineering},
  volume={357},
  pages={112556},
  year={2019},
  publisher={Elsevier}
}

@article{johnson2020thinner,
  title={Thinner biological tissues induce leaflet flutter in aortic heart valve replacements},
  author={Johnson, E. and Wu, M. and Xu, F. and Wiese, N. and Rajanna, M. and Herrema, A. and Ganapathysubramanian, B. and Hughes, T. and Sacks, M. and Hsu, M.},
  journal={Proceedings of the National Academy of Sciences},
  volume={117},
  number={32},
  pages={19007--19016},
  year={2020},
  publisher={National Acad Sciences}
}



@article{li2021shifted,
  title={The shifted fracture method},
  author={Li, K. and Atallah, N. and Rodr{\'\i}guez-Ferran, A. and Valiveti, D. and Scovazzi, G.},
  journal={International Journal for Numerical Methods in Engineering},
  volume={122},
  number={22},
  pages={6641--6679},
  year={2021},
  publisher={Wiley Online Library}
}


@article{atallah2022high,
  title={The high-order Shifted Boundary Method and its analysis},
  author={Atallah, N. and Canuto, C. and Scovazzi, G.},
  journal={Computer Methods in Applied Mechanics and Engineering},
  volume={394},
  pages={114885},
  year={2022},
  publisher={Elsevier}
}


@article{saul1963solution,
  title={Solution of certain boundary-value problems on high-speed computers by the fictitious-domain method},
  author={Saul'ev, V.},
  journal={Sibirskii Matematicheskii Zhurnal},
  volume={4},
  number={4},
  pages={912--925},
  year={1963},
  publisher={Sobolev Institute of Mathematics of the Siberian Branch of the Russian~…}
}


@article{babuvska1994special,
  title={Special finite element methods for a class of second order elliptic problems with rough coefficients},
  author={Babu{\v{s}}ka, I. and Caloz, G. and Osborn, J. E.},
  journal={SIAM Journal on Numerical Analysis},
  volume={31},
  number={4},
  pages={945--981},
  year={1994},
  publisher={SIAM}
}

@article{melenk1996partition,
  title={The partition of unity finite element method: basic theory and applications},
  author={Melenk, J. M. and Babu{\v{s}}ka, I.},
  journal={Computer methods in applied mechanics and engineering},
  volume={139},
  number={1-4},
  pages={289--314},
  year={1996},
  publisher={Elsevier}
}

@article{duarte1995hp,
  title={Hp cloud-A meshless method to solve boundary-value problems},
  author={Duarte, C. A. },
  journal={Technical Report 95-05, Texas Institute for Computational and Applied Methematics},
  year={1995}
}
@article{duarte1996hp,
  title={An hp adaptive method using clouds},
  author={Duarte, C. A. and Oden, J. T.},
  journal={Computer methods in applied mechanics and engineering},
  volume={139},
  number={1-4},
  pages={237--262},
  year={1996},
  publisher={Elsevier}
}
@article{duarte1996h,
  title={H-p clouds—an h-p meshless method},
  author={Duarte, C. A. and Oden, J. T.},
  journal={Numerical Methods for Partial Differential Equations: An International Journal},
  volume={12},
  number={6},
  pages={673--705},
  year={1996},
  publisher={Wiley Online Library}
}
@article{oden1997clouds,
  title={Clouds, cracks and {FEM}’s},
  author={Oden, J. T. and Duarte, C. A.},
  journal={Recent developments in computational and applied mechanics},
  pages={302--321},
  year={1997},
  publisher={Citeseer}
}
@article{oden1998new,
  title={A new cloud-based hp finite element method},
  author={Oden, J. T. and Duarte, C. M. and Zienkiewicz, O. C.},
  journal={Computer methods in applied mechanics and engineering},
  volume={153},
  number={1-2},
  pages={117--126},
  year={1998},
  publisher={Elsevier}
}
@article{duarte2000generalized,
  title={Generalized finite element methods for three-dimensional structural mechanics problems},
  author={Duarte, C. A. and Babu{\v{s}}ka, I. and Oden, J. T.},
  journal={Computers \& Structures},
  volume={77},
  number={2},
  pages={215--232},
  year={2000},
  publisher={Elsevier}
}
@article{sanchez2021high,
  title={A high-order generalized finite element method for multiscale structural dynamics and wave propagation},
  author={Sanchez-Rivadeneira, A. G. and Duarte, C. A.},
  journal={Computer Methods in Applied Mechanics and Engineering},
  volume={384},
  pages={113934},
  year={2021},
  publisher={Elsevier}
}
@article{alves2021generalized,
  title={A generalized finite element method for three-dimensional fractures in fiber-reinforced composites},
  author={Alves, P. D and Simone, A. and Duarte, C. A.},
  journal={Meccanica},
  volume={56},
  number={6},
  pages={1441--1473},
  year={2021},
  publisher={Springer}
}
@article{shauer2021three,
  title={A three-dimensional Generalized Finite Element Method for the simulation of wave propagation in fluid-filled fractures},
  author={Shauer, N. and Desmond, K. W. and Gordon, P. A. and Liu, F. and Duarte, C. A.},
  journal={Computer Methods in Applied Mechanics and Engineering},
  volume={386},
  pages={114136},
  year={2021},
  publisher={Elsevier}
}
@article{shauer2020generalized,
  title={A generalized finite element method for three-dimensional hydraulic fracture propagation: Comparison with experiments},
  author={Shauer, N. and Duarte, C. A.},
  journal={Engineering Fracture Mechanics},
  volume={235},
  pages={107098},
  year={2020},
  publisher={Elsevier}
 }

@article{behzadinasab2021coupling,
  title={Coupling of IGA and peridynamics for air-blast fluid-structure interaction using an immersed approach},
  author={Behzadinasab, M. and Moutsanidis, G. and Trask, N. and Foster, J. and Bazilevs, Y.},
  journal={Forces in Mechanics},
  volume={4},
  pages={100045},
  year={2021},
  publisher={Elsevier}
}

@article{moutsanidis2018hyperbolic,
  title={Hyperbolic phase field modeling of brittle fracture: Part II—immersed IGA--RKPM coupling for air-blast--structure interaction},
  author={Moutsanidis, G. and Kamensky, D. and Chen, J. and Bazilevs, Y.},
  journal={Journal of the Mechanics and Physics of Solids},
  volume={121},
  pages={114--132},
  year={2018},
  publisher={Elsevier}
}

@article{de2011x,
  title={X-{FEM} in isogeometric analysis for linear fracture mechanics},
  author={De Luycker, E. and Benson, D. J. and Belytschko, T. and Bazilevs, Y. and Hsu, M. C.},
  journal={International Journal for Numerical Methods in Engineering},
  volume={87},
  number={6},
  pages={541--565},
  year={2011},
  publisher={Wiley Online Library}
}

@article{moutsanidis2020treatment,
  title={Treatment of near-incompressibility in meshfree and immersed-particle methods},
  author={Moutsanidis, G. and Koester, J. and Tupek, M. and Chen, J. and Bazilevs, Y.},
  journal={Computational particle mechanics},
  volume={7},
  number={2},
  pages={309--327},
  year={2020},
  publisher={Springer}
}

@inproceedings{lua2021novel,
  title={Novel multi-physics-based modeling of a quenching process with thermal-metallurgical-mechanical interactions in aluminum components},
  author={Lua, J. and Yan, J. and Li, P. and Zhao, Z. and Karuppiah, A. and Stuebner, M.},
  booktitle={77th Annual Vertical Flight Society Forum and Technology Display: The Future of Vertical Flight, FORUM 2021},
  year={2021},
  organization={Vertical Flight Society}
}

@article{henshaw1994fourth,
  title={A fourth-order accurate method for the incompressible Navier-Stokes equations on overlapping grids},
  author={Henshaw, W.},
  journal={Journal of computational physics},
  volume={113},
  number={1},
  pages={13--25},
  year={1994},
  publisher={Elsevier}
}


@article{colomes2021weighted,
  title={A weighted Shifted Boundary Method for free surface flow problems},
  author={Colom{\'e}s, O. and Main, A. and Nouveau, L. and Scovazzi, G.},
  journal={Journal of Computational Physics},
  volume={424},
  pages={109837},
  year={2021},
  publisher={Elsevier}
}


@article{li2020shifted,
  title={The Shifted Interface Method: A flexible approach to embedded interface computations},
  author={Li, K. and Atallah, N.  and Main, A. and Scovazzi, G.},
  journal={International Journal for Numerical Methods in Engineering},
  volume={121},
  number={3},
  pages={492--518},
  year={2020},
  publisher={Wiley Online Library}
}


@article{song2018shifted,
  title={The shifted boundary method for hyperbolic systems: Embedded domain computations of linear waves and shallow water flows},
  author={Song, T. and Main, A. and Scovazzi, G. and Ricchiuto, M.},
  journal={Journal of Computational Physics},
  volume={369},
  pages={45--79},
  year={2018},
  publisher={Elsevier}
}


@article{henshaw2009composite,
  title={A composite grid solver for conjugate heat transfer in fluid--structure systems},
  author={Henshaw, W. and Chand, K.},
  journal={Journal of Computational Physics},
  volume={228},
  number={10},
  pages={3708--3741},
  year={2009},
  publisher={Elsevier}
}

@article{xu2019immersogeometric,
  title={Immersogeometric analysis of compressible flows with application to aerodynamic simulation of rotorcraft},
  author={Xu, F. and Bazilevs, Y. and Hsu, M.},
  journal={Mathematical Models and Methods in Applied Sciences},
  volume={29},
  number={05},
  pages={905--938},
  year={2019},
  publisher={World Scientific}
}



@inproceedings{overset1,
  title={Moving body overset grid methods for complete aircraft tiltrotor simulations},
  author={Meakin, R.},
  booktitle={11th Computational Fluid Dynamics Conference},
  pages={3350},
  year={1993}
}

@article{overset2,
  title={Overset grid technology development at NASA Ames Research Center},
  author={Chan, W.},
  journal={Computers \& Fluids},
  volume={38},
  number={3},
  pages={496--503},
  year={2009},
  publisher={Elsevier}
}

@article{overset3,
  title={Numerical study of the free flight characteristics of a flapping wing in low Reynolds numbers},
  author={Chandar, D. and Damodaran, M.},
  journal={AIAA J. Aircraft},
  volume={47},
  number={1},
  pages={141--150},
  year={2010}
}

@article{overset4,
  title={Variable high-order multiblock overlapping grid methods for mixed steady and unsteady multiscale viscous flows, part II: hypersonic nonequilibrium flows},
  author={Lani, A. and Sj{\"o}green, B. and Yee, H. and Henshaw, W.},
  journal={Communications in Computational Physics},
  volume={13},
  number={2},
  pages={583--602},
  year={2013},
  publisher={Cambridge University Press}
}

@article{meng2020fourth,
  title={Fourth-order accurate fractional-step IMEX schemes for the incompressible Navier--Stokes equations on moving overlapping grids},
  author={Meng, F. and Banks, J. and Henshaw, W. and Schwendeman, D.},
  journal={Computer Methods in Applied Mechanics and Engineering},
  volume={366},
  pages={113040},
  year={2020},
  publisher={Elsevier}
}

@article{appelo2012numerical,
  title={Numerical methods for solid mechanics on overlapping grids: Linear elasticity},
  author={Appel{\"o}, D. and Banks, J. and Henshaw, W. and Schwendeman, D.},
  journal={Journal of Computational Physics},
  volume={231},
  number={18},
  pages={6012--6050},
  year={2012},
  publisher={Elsevier}
}

@article{koblitz2017direct,
  title={Direct numerical simulation of particulate flows with an overset grid method},
  author={Koblitz, A. and Lovett, S. and Nikiforakis, N. and Henshaw, W.},
  journal={Journal of computational physics},
  volume={343},
  pages={414--431},
  year={2017},
  publisher={Elsevier}
}

@article{rodriguez2011direct,
  title={Direct numerical simulation of the flow over a sphere at {R}e= 3700},
  author={Rodriguez, I. and Borell, R. and Lehmkuhl, O. and Segarra, C. D. P. and Oliva, A.},
  journal={Journal of Fluid Mechanics},
  volume={679},
  pages={263--287},
  year={2011},
  publisher={Cambridge University Press}
}

@article{bazilevs2014computation,
  title={Computation of the flow over a sphere at {R}e= 3700: A comparison of uniform and turbulent inflow conditions},
  author={Bazilevs, Y. and Yan, J. and De Stadler, M. and Sarkar, S.},
  journal={Journal of Applied Mechanics},
  volume={81},
  number={12},
  pages={121003},
  year={2014},
  publisher={American Society of Mechanical Engineers}
}

@article{volkov1968method,
  title={The method of composite meshes for finite and infinite regions with piecewise smooth boundary},
  author={Volkov, E.},
  journal={Trudy Matematicheskogo Instituta imeni VA Steklova},
  volume={96},
  pages={117--148},
  year={1968},
  publisher={Russian Academy of Sciences, Steklov Mathematical Institute of Russian~…}
}
@article{takizawa2012space,
  title={{Space--time and ALE-VMS} techniques for patient-specific cardiovascular fluid--structure interaction modeling},
  author={Takizawa, K. and Bazilevs, Y. and Tezduyar, T.},
  journal={Archives of Computational Methods in Engineering},
  volume={19},
  number={2},
  pages={171--225},
  year={2012},
  publisher={Springer}
}



@article{bazilevs2012ale,
  title={{ALE-VMS and ST-VMS methods for computer modeling of wind-turbine rotor aerodynamics and fluid--structure interaction}},
  author={Bazilevs, Y. and Hsu, M. and Takizawa, K. and Tezduyar, T.},
  journal={Mathematical Models and Methods in Applied Sciences},
  volume={22},
  number={supp02},
  pages={1230002},
  year={2012},
  publisher={World Scientific}
}


@article{de2009modeling,
  title={Modeling the evaporation of a hydrocarbon feedstock in the convection section of a steam cracker},
  author={De Schepper, S. and Heynderickx, G. and Marin, G.},
  journal={Computers \& Chemical Engineering},
  volume={33},
  number={1},
  pages={122--132},
  year={2009},
  publisher={Elsevier}
}

@article{luikov1970heat,
  title={Heat transfer from a plate in a compressible gas flow},
  author={Luikov, A. and Perelman, T. and Levitin, R. and Gdalevich, L.},
  journal={International Journal of Heat and Mass Transfer},
  volume={13},
  number={8},
  pages={1261--1270},
  year={1970},
  publisher={Elsevier}
}

@article{xiao2010,
title = {An experimental study of heat transfer in aluminum castings during water quenching},
journal = {Journal of Materials Processing Technology},
volume = {210},
number = {14},
pages = {2023-2028},
year = {2010},
author = {Xiao, B. and Wang, Q. and Jadhav, P. and Li, K.},
}

@article{zhu2021mixed,
  title={A mixed interface-capturing/interface-tracking formulation for thermal multi-phase flows with emphasis on metal additive manufacturing processes},
  author={Zhu, Q. and Yan, J.},
  journal={Computer Methods in Applied Mechanics and Engineering},
  volume={383},
  pages={113910},
  year={2021},
  publisher={Elsevier}
}


@article{liu2021note,
  title={A note on the accuracy of the generalized-$\alpha$ scheme for the incompressible Navier-Stokes equations},
  author={Liu, J. and Lan, I. and Tikenogullari, O. and Marsden, A.},
  journal={International Journal for Numerical Methods in Engineering},
  volume={122},
  number={2},
  pages={638--651},
  year={2021},
  publisher={Wiley Online Library}
}


@article{de2008cfd,
  title={CFD modeling of all gas--liquid and vapor--liquid flow regimes predicted by the Baker chart},
  author={De Schepper, S. and Heynderickx, G. and Marin, G.},
  journal={Chemical Engineering Journal},
  volume={138},
  number={1-3},
  pages={349--357},
  year={2008},
  publisher={Elsevier}
}

@article{Xu16ig,
author = {Xu, F. and Schillinger, D. and Kamensky, D. and Varduhn, V. and Wang, C. and Hsu, M.-C.},
title = {{The tetrahedral finite cell method for fluids: Immersogeometric analysis of turbulent flow around complex geometries}},
journal = {Computers {\&} Fluids},
year = {2016},
volume = {141},
pages = {135--154}
}

@article{frazier2014metal,
  title={Metal additive manufacturing: a review},
  author={Frazier, W.},
  journal={Journal of Materials Engineering and Performance},
  volume={23},
  number={6},
  pages={1917--1928},
  year={2014},
  publisher={Springer}
}

@article{Hsu15fb,
author = {Hsu, M.-C. and Kamensky, D. and Xu, F. and Kiendl, J. and Wang, C. and Wu, M. C. H. and Mineroff, J. and Reali, A. and Bazilevs, Y. and Sacks, M. S.},
title = {{Dynamic and fluid--structure interaction simulations of bioprosthetic heart valves using parametric design with T-splines and Fung-type material models}},
journal = {Computational Mechanics},
year = {2015},
volume = {55},
pages = {1211--1225}
}

@book{prosperetti2009computational,
  title={Computational methods for multiphase flow},
  author={Prosperetti, A. and Tryggvason, G.},
  year={2009},
  publisher={Cambridge University Press}
}

@ARTICLE{Hughes81a,
  AUTHOR  = {T. J. R.~Hughes and W. K.~Liu and T. K.~Zimmermann},
  JOURNAL = {Computer Methods in Applied Mechanics and Engineering},
  TITLE   = {Lagrangian--{E}ulerian finite element formulation for incompressible viscous flows},
  VOLUME  = {29},
  YEAR    = {1981},
  PAGES   = {329--349}
}

@article{unverdi1992front,
  title={A front-tracking method for viscous, incompressible, multi-fluid flows},
  author={Unverdi, S. O. and Tryggvason, G.},
  journal={Journal of Computational Physics},
  volume={100},
  number={1},
  pages={25--37},
  year={1992},
  publisher={Elsevier}
}

@article{best1993formation,
  title={The formation of toroidal bubbles upon the collapse of transient cavities},
  author={Best, J. P. },
  journal={Journal of Fluid Mechanics},
  volume={251},
  pages={79--107},
  year={1993},
  publisher={Cambridge Univ Press}
}

@ARTICLE{Tezduyar92a,
  AUTHOR  = {T. E.~Tezduyar and M.~Behr and J.~Liou},
  JOURNAL = {Computer Methods in Applied Mechanics and Engineering},
  TITLE   = {A new strategy for finite element computations involving moving boundaries and interfaces -- the deforming-spatial-domain/space--time procedure: {I}.~{T}he concept and the preliminary numerical tests},
  VOLUME  = {94},
  YEAR    = {1992},
  PAGES   = {339--351},
  NUMBER  = {3}
}

@article{braess2000arbitrary,
  title={Arbitrary {L}agrangian {E}ulerian finite element analysis of free surface flow},
  author={Braess, H. and Wriggers, P.},
  journal={Computer Methods in Applied Mechanics and Engineering},
  volume={190},
  number={1-2},
  pages={95--109},
  year={2000},
  publisher={Elsevier}
}

@article{Wang17gp,
author = {Wang, C. and Xu, F. and Hsu, M.-C. and Krishnamurthy, A.},
title = {{Rapid B-rep model preprocessing for immersogeometric analysis using analytic surfaces}},
journal = {Computer Aided Geometric Design},
year = {2017},
volume = {52-53},
pages = {190--204}
}

@article{gan2017numerical,
  title={Numerical simulation of thermal behavior and multicomponent mass transfer in direct laser deposition of Co-base alloy on steel},
  author={Gan, Z. and Yu, G. and He, X. and Li, S.},
  journal={International Journal of Heat and Mass Transfer},
  volume={104},
  pages={28--38},
  year={2017},
  publisher={Elsevier}
}

@article{sussman1994level,
  title={A level set approach for computing solutions to incompressible two-phase flow},
  author={Sussman, M. and Smereka, P. and Osher, S.},
  journal={Journal of Computational physics},
  volume={114},
  number={1},
  pages={146--159},
  year={1994},
  publisher={Elsevier}
}

@article{osher1988fronts,
  title={Fronts propagating with curvature-dependent speed: algorithms based on {H}amilton-{J}acobi formulations},
  author={Osher, S. and Sethian, J. A.},
  journal={Journal of Computational Physics},
  volume={79},
  number={1},
  pages={12--49},
  year={1988},
  publisher={Elsevier}
}

@article{shirani2005interface,
  title={Interface pressure calculation based on conservation of momentum for front capturing methods},
  author={Shirani, E. and Ashgriz, N. and Mostaghimi, J.},
  journal={Journal of Computational Physics},
  volume={203},
  number={1},
  pages={154--175},
  year={2005},
  publisher={Elsevier}
}

@ARTICLE{hirt1981volume,
  AUTHOR  = {C. W.~Hirt and B. D.~Nichols},
  JOURNAL = {Journal of Computational Physics},
  TITLE   = {Volume of Fluid ({VOF}) Method for the Dynamics of Free Boundaries},
  VOLUME  = {39},
  YEAR    = {1981},
  PAGES   = {201--225}
}

@article{jacqmin1999calculation,
  title={Calculation of two-phase {N}avier--{S}tokes flows using phase-field modeling},
  author={Jacqmin, D.},
  journal={Journal of Computational Physics},
  volume={155},
  number={1},
  pages={96--127},
  year={1999},
  publisher={Elsevier}
}

@phdthesis{liu2014thesis,
  title={Thermodynamically consistent modeling and simulation of multiphase flows},
  author={Liu, J.},
  year={2014},
  school={The University of Texas at Austin}
}

@article{yue2004diffuse,
  title={A diffuse-interface method for simulating two-phase flows of complex fluids},
  author={Yue, P. and Feng, J. J. and Liu, C. and Shen, J.},
  journal={Journal of Fluid Mechanics},
  volume={515},
  pages={293--317},
  year={2004},
  publisher={Cambridge Univ Press}
}

@article{amaya2010single,
  title={Single bubble rising dynamics for moderate {R}eynolds number using {L}attice {B}oltzmann {M}ethod},
  author={Amaya-Bower, L. and Lee, T.},
  journal={Computers \& Fluids},
  volume={39},
  number={7},
  pages={1191--1207},
  year={2010},
  publisher={Elsevier}
}

@article{Jansen2005,
  title={Computation of incompressible bubble dynamics with a stabilized finite element level set method},
  author={Nagrath, S. and Jansen, K. E and Lahey, R. T.},
  journal={Computer Methods in Applied Mechanics and Engineering},
  volume={194},
  number={42},
  pages={4565--4587},
  year={2005},
  publisher={Elsevier}
}

@article{tripathi2015dynamics,
  title={Dynamics of an initially spherical bubble rising in quiescent liquid},
  author={Tripathi, M. K. and Sahu, K. C. and Govindarajan, R.},
  journal={Nature communications},
  volume={6},
  year={2015},
  publisher={Nature Publishing Group}
}

@article{van2005numerical,
  title={Numerical simulation of gas bubbles behaviour using a three-dimensional volume of fluid method},
  author={van Sint Annaland, M. and Deen, N. G. and Kuipers, J. A. M.},
  journal={Chemical Engineering Science},
  volume={60},
  number={11},
  pages={2999--3011},
  year={2005},
  publisher={Elsevier}
}

@article{gimenez2016surface,
  title={Surface tension problems solved with the particle finite element method using large time-steps},
  author={Gimenez, J. M. and Nigro, N. M. and Idelsohn, S. R. and O{\~n}ate, E.},
  journal={Computers \& Fluids},
  year={2016},
  publisher={Elsevier}
}

@article{calderer2015residual,
  title={{Residual-based turbulence models and arbitrary {L}agrangian--{E}ulerian framework for free surface flows}},
  author={Calderer, R. and Zhu, L. and Gibson, R. and Masud, A.},
  journal={Mathematical Models and Methods in Applied Sciences},
  volume={25},
  number={12},
  pages={2287--2317},
  year={2015},
  publisher={World Scientific}
}

@article{zhu2019,
  title={A Stabilized Interface Capturing Method for Large Amplitude Breaking Waves},
  author={Zhu, L. and Goraya, S. and Masud, A.},
  journal={Journal of Engineering Mechanics},
  volume={},
  number={},
  pages={},
  year={2019},
  publisher={ASCE}
}

@ARTICLE{Tezduyar08a,
  AUTHOR  = {T. E.~Tezduyar and S.~Sathe and J.~Pausewang and M.~Schwaab and J.~Christopher and J.~Crabtree},
  JOURNAL = {Computational Mechanics},
  TITLE   = {Interface projection techniques for fluid--structure interaction modeling with moving-mesh methods},
  VOLUME  = {43},
  YEAR    = {2008},
  PAGES   = {39--49},
  DOI     = {10.1007/s00466-008-0261-7}
}

@ARTICLE{Johnson94a,
  AUTHOR  = {A. A.~Johnson and T. E.~Tezduyar},
  JOURNAL = {Computer Methods in Applied Mechanics and Engineering},
  TITLE   = {Mesh Update Strategies in Parallel Finite Element Computations of Flow Problems with Moving Boundaries and Interfaces},
  VOLUME  = {119},
  YEAR    = {1994},
  PAGES   = {73--94},
  DOI     = {10.1016/0045-7825(94)00077-8}
}

@article{HsuBaz12a,
  AUTHOR          = {Hsu, M.-C. and Bazilevs, Y.},
  TITLE           = {Fluid-structure interaction modeling of wind turbines: simulating the full machine},
  JOURNAL         = {Computational Mechanics},
  YEAR            = {2012},
  VOLUME          = {DOI: 10.1007/s00466-012-0772-0}}
  %PAGES           = {499--511}
}

@article{peskin2002immersed,
  title={The immersed boundary method},
  author={Peskin, C. S.},
  journal={Acta Numerica},
  volume={11},
  pages={479--517},
  year={2002},
  publisher={Cambridge University Press}
}

@article{Peskin72,
  title={Flow patterns around heart valves: a numerical method},
  author={Peskin, C. S.},
  journal={Journal of Computational Physics},
  volume={10},
  number={2},
  pages={252--271},
  year={1972}
}

@article{IFEM1,
  title={Immersed finite element method and its applications to biological systems},
  author={Liu, W. K. and Liu, Y. and Farrell, D. and Zhang, L. and Wang, X. S. and Fukui, Y. and Patankar, N. and Zhang, Y. and Bajaj, C. and Lee, J. and others},
  journal={Computer Methods in Applied Mechanics and Engineering},
  volume={195},
  number={13-16},
  pages={1722--1749},
  year={2006},
  publisher={Elsevier}
}

@article{IFEM2,
  title={Immersed finite element method},
  author={Zhang, L. and Gerstenberger, A. and Wang, X. and Liu, W.},
  journal={Computer Methods in Applied Mechanics and Engineering},
  volume={193},
  number={21-22},
  pages={2051--2067},
  year={2004},
  publisher={Elsevier}
}

@article{IFEM3,
  title={Immersed finite element method for fluid-structure interactions},
  author={Zhang, L. T. and Gay, M.},
  journal={Journal of Fluids and Structures},
  volume={23},
  number={6},
  pages={839--857},
  year={2007},
  publisher={Elsevier}
}

@article{IFEM4,
  title={Interpolation functions in the immersed boundary and finite element methods},
  author={Wang, X. and Zhang, L.},
  journal={Computational Mechanics},
  volume={45},
  number={4},
  pages={321--334},
  year={2010},
  publisher={Springer}
}

@article{IFEM5,
  title={On computational issues of immersed finite element methods},
  author={Wang, X. and Zhang, L. and Liu, W.},
  journal={Journal of Computational Physics},
  volume={228},
  number={7},
  pages={2535--2551},
  year={2009},
  publisher={Elsevier}
}

@article{IFEM6,
  title={Modified immersed finite element method for fully-coupled fluid--structure interactions},
  author={Wang, X. and Zhang, L.},
  journal={Computer methods in applied mechanics and engineering},
  volume={267},
  pages={150--169},
  year={2013},
  publisher={Elsevier}
}

@article{main2018shiftedb,
  title={{The shifted boundary method for embedded domain computations. Part I: Poisson and Stokes problems}},
  author={Main, A. and Scovazzi, G.},
  journal={Journal of Computational Physics},
  volume={372},
  pages={972--995},
  year={2018},
  publisher={Elsevier}
}

@article{main2018shifteda,
  title={{The shifted boundary method for embedded domain computations. Part II: Linear advection--diffusion and incompressible Navier--Stokes equations}},
  author={Main, A. and Scovazzi, G.},
  journal={Journal of Computational Physics},
  volume={372},
  pages={996--1026},
  year={2018},
  publisher={Elsevier}
}

@article{Bazilevs2017a,
  title={A new formulation for air-blast fluid--structure interaction using an immersed approach. {P}art {I}: basic methodology and {FEM}-based simulations},
  author={Bazilevs, Y. and Kamran, K. and Moutsanidis, G. and Benson, D. J. and O{\~n}ate, E.},
  journal={Computational Mechanics},
  volume={60},
  number={1},
  pages={83--100},
  year={2017},
  publisher={Springer}
}
@article{zhu2020immersogeometric,
  title={An immersogeometric formulation for free-surface flows with application to marine engineering problems},
  author={Zhu, Q. and Xu, F. and Xu, S. and Hsu, M. and Yan, J.},
  journal={Computer Methods in Applied Mechanics and Engineering},
  volume={361},
  pages={112748},
  year={2020},
  publisher={Elsevier}
}
@Article{Bazilevs2017b,
  author="Bazilevs, Y. and Moutsanidis, G. and Bueno, J. and Kamran, K. and Kamensky, D. and Hillman, M. C. and Gomez, H. and Chen, J. S.",
  title="A new formulation for air-blast fluid--structure interaction using an immersed approach: {P}art {II}---coupling of {IGA} and meshfree discretizations",
  journal="Computational Mechanics",
  year="2017",
  pages="101--116",
  Volume="60",
  Number="1"
}

@article{Kamensky15ch,
author = {Kamensky, D. and Hsu, M.-C. and Schillinger, D. and Evans, J. A. and Aggarwal, A. and Bazilevs, Y. and Sacks, M. S. and Hughes, T. J. R.},
title = {{An immersogeometric variational framework for fluid--structure interaction: Application to bioprosthetic heart valves}},
journal = {Computer Methods in Applied Mechanics and Engineering},
year = {2015},
volume = {284},
pages = {1005--1053}
}

@article{Kamensky2017,
  title = "Immersogeometric cardiovascular fluid--structure interaction analysis with divergence-conforming {B}-splines ",
  journal = "Computer Methods in Applied Mechanics and Engineering ",
  volume = "314",
  pages = "408--472",
  year = "2017",
  author = "D. Kamensky and M.-C. Hsu and Y. Yu and J. A. Evans and M. S. Sacks and T. J. R. Hughes",
}

@article{yan2016free,
  title={Free-surface flow modeling and simulation of horizontal-axis tidal-stream turbines},
  author={Yan, J. and Deng, X. and Korobenko, A. and Bazilevs, Y.},
  journal={Computers \& Fluids},
  year={2016},
  publisher={Elsevier}
}

@article{hsu2012wind,
  title={Wind turbine aerodynamics using {ALE--VMS}: Validation and the role of weakly enforced boundary conditions},
  author={Hsu, M. and Akkerman, I. and Bazilevs, Y.},
  journal={Computational Mechanics},
  volume={50},
  number={4},
  pages={499--511},
  year={2012},
  publisher={Springer}
}

@phdthesis{yan2016computational122,
  title={Computational free-surface fluid-structure interaction with applications on offshore wind and tidal energy},
  author={Yan, J.},
  year={2016},
  school={University of California San Diego}
}

@ARTICLE{Akkerman11a,
  AUTHOR  = {I.~Akkerman and Y.~Bazilevs and C. E.~Kees and M. W.~Farthing},
  JOURNAL = {Journal of Computational Physics},
  TITLE   = {Isogeometric Analysis of Free-Surface Flow},
  VOLUME  = {230},
  YEAR    = {2011},
  PAGES   = {4137--4152}
}

@ARTICLE{Akkerman11b,
  AUTHOR                 = {I.~Akkerman and Y.~Bazilevs and D. J.~Benson and M. W.~Farthing and C. E.~Kees},
  JOURNAL                = {Journal of Applied Mechanics},
  TITLE                  = {Free-Surface Flow and Fluid--Object Interaction Modeling with Emphasis on Ship Hydrodynamics},
  VOLUME                 = {79},
  YEAR                   = {2012},
  PAGES                  = {010905}
}

@BOOK{Cottrell09a,
  AUTHOR                 = {J. A.~Cottrell and T. J. R.~Hughes and Y.~Bazilevs},
  TITLE                  = {Isogeometric Analysis. Toward Integration of {CAD} and {FEA}},
  YEAR                   = {2009},
  PUBLISHER              = {Wiley}
}

@ARTICLE{Hughes05a,
  AUTHOR                 = {T. J. R.~Hughes and J. A.~Cottrell and Y.~Bazilevs},
  JOURNAL                = {Computer Methods in Applied Mechanics and Engineering},
  TITLE                  = {Isogeometric analysis: {CAD}, finite elements, {NURBS}, exact geometry, and mesh refinement},
  VOLUME                 = {194},
  YEAR                   = {2005},
  PAGES                  = {4135--4195},
  ISSUE                  = {39-41}
}

@article{Hsu16fq,
  author = {Hsu, M.-C. and Wang, C. and Xu, F. and Herrema, A. J. and Krishnamurthy, A.},
  title = {{Direct immersogeometric fluid flow analysis using B-rep CAD models}},
  journal = {Computer Aided Geometric Design},
  volume={43},
  pages={143--158},
  year={2016}
}

@article{wu2017optimizing,
  title={Optimizing fluid--structure interaction systems with immersogeometric analysis and surrogate modeling: Application to a hydraulic arresting gear},
  author={Wu, M. and Kamensky, D. and Wang, C. and Herrema, A. and Xu, F. and Pigazzini, M. S and Verma, A. and Marsden, A. and Bazilevs, Y. and Hsu, M.},
  journal={Computer Methods in Applied Mechanics and Engineering},
  volume={316},
  pages={668--693},
  year={2017},
  publisher={Elsevier}
}


@article{Wu18a,
  title={An anisotropic constitutive model for immersogeometric fluid--structure interaction analysis of bioprosthetic heart valves},
  author={Wu, M. C. H. and Zakerzadeh, R. and Kamensky, D. and Kiendl, J. and Sacks, M. S. and Hsu, M.-C.},
  journal={Journal of Biomechanics},
  volume={74},
  pages={23--31},
  year={2018},
}

@article{Hsu14dh,
  author = {Hsu, M.-C. and Kamensky, D. and Bazilevs, Y. and Sacks, M. S. and Hughes, T. J. R.},
  title = {{Fluid--structure interaction analysis of bioprosthetic heart valves: significance of arterial wall deformation}},
  journal = {Computational Mechanics},
  year = {2014},
  volume = {54},
  pages = {1055--1071}
}

@article{Xu18a,
author = {Xu, F. and Morganti, S. and Zakerzadeh, R. and Kamensky, D. and Auricchio, F. and Reali, A. and Hughes, T. J. R. and Sacks, M. S. and Hsu, M.-C.},
title = {{A framework for designing patient-specific bioprosthetic heart valves using immersogeometric fluid--structure interaction analysis}},
journal = {International Journal for Numerical Methods in Biomedical Engineering},
year = {2018},
volume = {34},
number = {4},
pages = {e2938}
}

@article{Xu19ct,
  title={Immersogeometric analysis of compressible flows with application to aerodynamic simulation of rotorcraft},
  author={Xu, F. and Bazilevs, Y. and Hsu, M.-C.},
  journal={Mathematical Models and Methods in Applied Sciences},
  volume={29},
  number={05},
  pages={905--938},
  year={2019}
}

@ARTICLE{Parvizian2007,
  AUTHOR          = {Parvizian, J. and D\"{u}ster, A. and Rank, E.},
  TITLE           = {Finite Cell Method: \textit{h}- and \textit{p}- extension for embedded domain methods in solid mechanics},
  JOURNAL         = {Computational Mechanics},
  YEAR            = {2007},
  VOLUME          = {41},
  PAGES           = {122--133}
}

@article{duster2008finite,
  title={The finite cell method for three-dimensional problems of solid mechanics},
  author={D{\"u}ster, A. and Parvizian, J. and Yang, Z. and Rank, E.},
  journal={Computer Methods in Applied Mechanics and Engineering},
  volume={197},
  number={45-48},
  pages={3768--3782},
  year={2008},
  publisher={Elsevier}
}

@article{Xu19gw,
  title={Immersogeometric analysis of moving objects in incompressible flows},
  author={Xu, S. and Xu, F. and Kommajosula, A. and Hsu, M.-C. and Ganapathysubramanian, B.},
  journal={Computers \& Fluids},
  volume={189},
  pages={24--33},
  year={2019}
}

@ARTICLE{Bazilevs07b,
  AUTHOR  = {Y.~Bazilevs and V. M.~Calo and J. A.~Cottrel and T. J. R.~Hughes and A.~Reali and G.~Scovazzi},
  JOURNAL = {Computer Methods in Applied Mechanics and Engineering},
  TITLE   = {Variational multiscale residual-based turbulence modeling for large eddy simulation of incompressible flows},
  VOLUME  = {197},
  YEAR    = {2007},
  PAGES   = {173--201}
}

@article{xu2019residual,
  title={Residual-based variational multi-scale modeling for particle-laden gravity currents over flat and triangular wavy terrains},
  author={Xu, S. and Liu, N. and Yan, J.},
  journal={Computers \& Fluids},
  volume={188},
  pages={114--124},
  year={2019},
  publisher={Elsevier}
}

@article{yan2016new,
  title={A new variational multiscale formulation for stratified incompressible turbulent flows},
  author={Yan, J. and Korobenko, A. and Tejada-Mart{\'\i}nez, A. E. and Golshan, R. and Bazilevs, Y.},
  journal={Computers \& Fluids},
  year={2016},
  publisher={Pergamon}
}

@article{van2016isogeometric,
  title={Isogeometric divergence-conforming variational multiscale formulation of incompressible turbulent flows},
  author={van Opstal, T. M. and Yan, J. and Coley, C. and Evans, J. A and Kvamsdal, T. and Bazilevs, Y.},
  journal={Computer Methods in Applied Mechanics and Engineering},
  year={2016},
  publisher={Elsevier}
}

@article{yan2019isogeometric,
  title={Isogeometric analysis of multi-phase flows with surface tension and with application to dynamics of rising bubbles},
  author={Yan, J. and Lin, S. and Bazilevs, Y. and Wagner, G. J.},
  journal={Computers \& Fluids},
  volume={179},
  pages={777--789},
  year={2019},
  publisher={Elsevier}
}

@article{yan2018fully,
  title={A fully coupled finite element formulation for liquid--solid--gas thermo-fluid flow with melting and solidification},
  author={Yan, J. and Yan, W. and Lin, S. and Wagner, G. J.},
  journal={Computer Methods in Applied Mechanics and Engineering},
  volume={336},
  pages={444--470},
  year={2018},
  publisher={Elsevier}
}

@ARTICLE{Bazilevs07c,
  AUTHOR  = {Y.~Bazilevs and T. J. R.~Hughes},
  JOURNAL = {Computers \& Fluids},
  TITLE   = {Weak imposition of {D}irichlet boundary conditions in fluid mechanics},
  VOLUME  = {36},
  YEAR    = {2007},
  PAGES   = {12--26}
}

@article{Brooks82a,
  AUTHOR  = {A. N.~Brooks and T. J. R.~Hughes},
  JOURNAL = {Computer Methods in Applied Mechanics and Engineering},
  TITLE   = {Streamline Upwind/{P}etrov-{G}alerkin Formulations for Convection Dominated Flows with Particular Emphasis on the Incompressible {N}avier--{S}tokes Equations},
  VOLUME  = {32},
  YEAR    = {1982},
  PAGES   = {199--259}
}

@article{hughes1989new,
  title={A new finite element formulation for computational fluid dynamics: VIII. The Galerkin/least-squares method for advective-diffusive equations},
  author={Hughes, T. and Franca, L. and Hulbert, G.},
  journal={Computer methods in applied mechanics and engineering},
  volume={73},
  number={2},
  pages={173--189},
  year={1989},
  publisher={Elsevier}
}


@ARTICLE{Tezduyar00a,
  AUTHOR  = {T. E.~Tezduyar and Y.~Osawa},
  JOURNAL = {Computer Methods in Applied Mechanics and Engineering},
  TITLE   = {Finite Element Stabilization Parameters Computed from Element Matrices and Vectors},
  VOLUME  = {190},
  YEAR    = {2000},
  PAGES   = {411--430}
}

@ARTICLE{Hughes01a,
  AUTHOR  = {T. J. R.~Hughes and L.~Mazzei and A. A.~Oberai and A.~Wray},
  JOURNAL = {Physics of Fluids},
  TITLE   = {The Multiscale Formulation of Large Eddy Simulation: {D}ecay of Homogeneous Isotropic Turbulence},
  VOLUME  = {13},
  YEAR    = {2001},
  PAGES   = {505--512}
}

@INCOLLECTION{HugScoFr04,
  AUTHOR  = {T. J. R.~Hughes and G.~Scovazzi and L. P.~Franca},
  TITLE   = {Multiscale and Stabilized Methods},
  YEAR    = {2004},
  PUBLISHER  = {John Wiley \& Sons},
  BOOKTITLE  = {Encyclopedia of Computational Mechanics}
}

@ARTICLE{Hsu09a,
  AUTHOR  = {M. C.~Hsu and Y.~Bazilevs and V. M.~Calo and T. E.~Tezduyar and T. J. R.~Hughes},
  JOURNAL = {Computer Methods in Applied Mechanics and Engineering},
  TITLE   = {Improving Stability of Stabilized and Multiscale Formulations in Flow Simulations at Small Time Steps},
  VOLUME  = {199},
  YEAR    = {2010},
  PAGES   = {828--840}
}

@BOOK{Johnson87a,
  AUTHOR  = {C.~Johnson},
  TITLE   = {Numerical Solution of Partial Differential Equations by the Finite Element Method},
  YEAR    = {1987},
  PUBLISHER  = {Cambridge University Press},
  ADDRESS = {Sweden}
}

@ARTICLE{Tezduyar01a,
  AUTHOR  = {T. E.~Tezduyar},
  JOURNAL = {Archives of Computational Methods in Engineering},
  TITLE   = {Finite Element Methods for Flow Problems with Moving Boundaries and Interfaces},
  VOLUME  = {8},
  YEAR    = {2001},
  PAGES   = {83--130}
}

@article{Nitsche71,
  author = {Nitsche, J.},
  title = {{{\"U}ber ein Variationsprinzip zur L{\"o}sung von Dirichlet-Problemen bei Verwendung von Teilr{\"a}umen, die keinen Randbedingungen unterworfen sind}},
  journal = {Abhandlungen aus dem Mathematischen Seminar der Universit{\"a}t Hamburg},
  year = {1971},
  volume = {36},
  pages = {9--15}
}

@article{varduhn2016tetrahedral,
  title={The tetrahedral finite cell method: higher-order immersogeometric analysis on adaptive non-boundary-fitted meshes},
  author={Varduhn, Vasco and Hsu, Ming-Chen and Ruess, Martin and Schillinger, Dominik},
  journal={International Journal for Numerical Methods in Engineering},
  volume={107},
  number={12},
  pages={1054--1079},
  year={2016}
}

@article{chung1993time,
  title={A time integration algorithm for structural dynamics with improved numerical dissipation: the generalized-$\alpha$ method},
  author={Chung, J. and Hulbert, G. M.},
  journal={Journal of Applied Mechanics},
  volume={60},
  number={2},
  pages={371--375},
  year={1993},
  publisher={American Society of Mechanical Engineers}
}

@article{jansen2000generalized,
  title={A generalized-$\alpha$ method for integrating the filtered {N}avier--{S}tokes equations with a stabilized finite element method},
  author={Jansen, K. E. and Whiting, C. H. and Hulbert, G. M.},
  journal={Computer Methods in Applied Mechanics and Engineering},
  volume={190},
  number={3-4},
  pages={305--319},
  year={2000},
  publisher={Elsevier}
}

@book{bazilevsFSIbook,
  title={Computational fluid-structure interaction: methods and applications},
  author={Bazilevs, Y. and Takizawa, K. and Tezduyar, T. E.},
  year={2013},
  publisher={John Wiley \& Sons}
}

@ARTICLE{Saad86a,
  AUTHOR  = {Y.~Saad and M.~Schultz},
  JOURNAL = {SIAM Journal of Scientific and Statistical Computing},
  TITLE   = {{GMRES}: A Generalized Minimal Residual Algorithm for Solving Nonsymmetric Linear Systems},
  VOLUME  = {7},
  YEAR    = {1986},
  PAGES   = {856--869}
}

@phdthesis{french1970wave,
  title={Wave uplift pressures on horizontal platforms},
  author={French, J. A.},
  year={1970},
  school={California Institute of Technology}
}

@article{kleefsman2005volume,
  title={A volume-of-fluid based simulation method for wave impact problems},
  author={Kleefsman, K. M. T. and Fekken, G. and Veldman, A. E. P. and Iwanowski, B. and Buchner, B.},
  journal={Journal of Computational Physics},
  volume={206},
  number={1},
  pages={363--393},
  year={2005},
  publisher={Elsevier}
}

@misc{geo_5415,
  title = {Geometry of {DTMB} 5415 model},
  howpublished = {\url{http://www.simman2008.dk/5415/5415_geometry.htm}},
  year={2008}
}

@article{longo2005uncertainty,
  title={Uncertainty assessment for towing tank tests with example for surface combatant {DTMB} model 5415},
  author={Longo, J. and Stern, F.},
  journal={Journal of Ship Research},
  volume={49},
  number={1},
  pages={55--68},
  year={2005},
  publisher={Society of Naval Architects and Marine Engineers (SNAME)}
}

@article{tezduyar2004finite,
  title={Finite element methods for fluid dynamics with moving boundaries and interfaces},
  author={Tezduyar, T. E.},
  journal={Encyclopedia of Computational Mechanics},
  year={2004},
  publisher={Wiley Online Library}
}












@article{debroy2017digital,
  title={Building blocks for a digital twin of additive manufacutring},
  author={Knapp, G. L. and Mukherjee, T and Zuback, J. S. and Wei, H. L. and Palmer, T. A. and De, A, Debroy, T},
  journal={Acta Materialia},
  year={2017},
  publisher={Elsevier}
}

@article{debroy2014activation,
  title={Heat transfer and material flow during laser assisted multi-layer additive manufacturing},
  author={Manvatkar, V and De, A and Debroy, T},
  journal={Journal of Applied Physics},
  year={2014},
  publisher={American Institute of Physics}
}
@article{gan2019nist,
  title={Benchmark Study of Thermal Behavior, Surface Topography, and Dendritic Microstructure in Selective Laser Melting of Inconel 625},
  author={Gan, Z. and Lian, Y and Lin, S. E. and Jones, K. K. and Liu, W. K. and Wagner, G. J.},
  journal={Integrating Materials and Manufacturing Innovation},
  year={2019},
  publisher={Springer}
}
@article{lin2020ls,
  title={A conservative level set method on unstructured meshes for modeling multiphase thermo-fluid flow in additive manufacturing processes},
  author={Lin, S and Yan, J and Gan, Z, and Wagner, G. J.},
  journal={unknown},
  year={2020},
  publisher={Springer}
}
@phdthesis{saldi2012welding,
  title={Marangoni driven free surface
flows in liquid weld pools},
  author={Saldi, Z. S.},
  year={2012},
  school={Delft University of Technology}
}
@article{pitsch1996welding,
author = {Pitscheneder, W. and Debroy, Tarasankar and Mundra, K. and Ebner, R.},
year = {1996},
month = {03},
pages = {71s-80s},
title = {Role of sulfur and processing variables on the temporal evolution of weld pool geometry during multikilowatt laser beam welding of steels},
volume = {75}
}
@article{sahoo1988mgn,
author = {Sahoo, P. and Debroy, Tarasankar and Mcnallan, M.},
year = {1988},
month = {06},
pages = {483-491},
title = {Surface tension of binary metal—surface active solute systems under conditions relevant to welding metallurgy},
volume = {19},
journal = {Metallurgical Transactions B},
doi = {10.1007/BF02657748}
}
@article{shin2019review,
  title={Additive manufacturing of Ti6Al4V alloy: A review},
  author={Liu, S and Shin, Y. C.},
  journal={Material $\&$ Design},
  year={2019},
  publisher={Elsevier}
}

@article{shin2015am,
author = {Gao, Wei and Zhang, Yunbo and Ramanujan, Devarajan and Ramani, Karthik and Chen, Yong and Williams, Christopher and Wang, Charlie and Shin, Yung and Zavattieri, Pablo},
year = {2015},
month = {04},
pages = {},
title = {The Status, Challenges, and Future of Additive Manufacturing in Engineering},
volume = {69},
journal = {Computer-Aided Design},
doi = {10.1016/j.cad.2015.04.001}
}

@article{kashyap1995steel,
title = {On the Hall-Petch relationship and substructural evolution in type 316L stainless steel},
author = {Kashyap, B. P. and Tangri, K.},
journal = {Acta Metallurgica et Materialia},
number = 11,
volume = 43,
place = {United States},
year = {1995},
month = {11}
}
@article{debroy2016digit,
author = {Debroy, T. and Zhang, W. and Turner, J. and Babu, S.},
year = {2016},
month = {12},
pages = {},
title = {Building digital twins of 3D printing machines},
journal = {Scripta Materialia}
}
@article{cao2011curve,
author = {Cao, Y. and Zhu, S. and Liang, X. and Wang, W.},
year = {2011},
month = {06},
pages = {641-645},
title = {Overlapping model of beads and curve fitting of bead section for rapid manufacturing by robotic MAG welding process},
volume = {27},
journal = {Robotics and Computer-Integrated Manufacturing}
}
@article{toy2006num,
author = {Toyserkani, E. and Huissoon, J.P.},
year = {2006},
month = {12},
pages = {},
title = {Three-dimensional numerical approach for geometrical prediction of multilayer laser solid freeform fabrication process},
volume = {19},
journal = {Journal of Laser Applications}
}
@article{dou2002curve,
author = {Doumanidis, C. and Kwak, Y. M.},
year = {2002},
month = {04},
pages = {251-262},
title = {Multivariable adaptive control of the bead profile geometry in gas metal arc welding with thermal scanning},
volume = {79},
journal = {International Journal of Pressure Vessels and Piping}
}
@article{xiong2014curve,
author = {Xiong, J. and Zhang, G. and Hu, J. and Wu, L.},
year = {2014},
month = {02},
pages = {},
title = {Bead geometry prediction for robotic GMAW-based rapid manufacturing through a neural network and a second-order regression analysis},
volume = {25},
journal = {Journal of Intelligent Manufacturing}
}

@article{yin2010dendrite,
author = {Yin, H and Felicelli, S},
year = {2010},
month = {02},
pages = {1455-1465},
title = {Dendrite growth simulation during solidification in the LENS process},
volume = {58},
journal = {Acta Materialia - ACTA MATER}
}
@article{kashyap1995am,
author = {Kashyap, B. P. and Tangri, K.},
year = {1995},
month = {02},
pages = {1455-1465},
title = {On the Hall-Petch relationship and substructural evolution in type 316L stainless steel},
volume = {58},
journal = {Acta Materialia - ACTA MATER}
}
@article{vij2006casting,
author = {Vijayaram, T and Sulaiman, S and Hamouda, A.M.S and Megat A, Megat H},
year = {2006},
month = {09},
pages = {29-33},
title = {Numerical simulation of casting solidification in permanent metallic molds},
volume = {178},
journal = {Journal of Materials Processing Technology},
}
@inproceedings{Lee2002API,
  title={A Pressure Iteration Scheme for Two-Phase Flow Modeling},
  author={W. H. Lee},
  year={1980}
}
@article{WU20071186,
title = "Simulation of refrigerant flow boiling in serpentine tubes",
journal = "International Journal of Heat and Mass Transfer",
volume = "50",
number = "5",
pages = "1186 - 1195",
year = "2007",
author = "Wu, H.L. and Peng, X.F. and Ye, P. and Cong, Y.E.",
}
@article{DESCHEPPER2009122,
title = "Modeling the evaporation of a hydrocarbon feedstock in the convection section of a steam cracker",
journal = "Computers \& Chemical Engineering",
volume = "33",
number = "1",
pages = "122 - 132",
year = "2009",
author = "{De Schepper}, S.C.K. and Heynderickx, G. J. and Marin, G.B.",
}
@article{DAS2016JHT,
    author = {Das, S. and Punekar, H.},
    title = "{On Development of a Semimechanistic Wall Boiling Model}",
    journal = {Journal of Heat Transfer},
    volume = {138},
    number = {6},
    year = {2016},
    month = {03},
}


@article{Liu1970Atoine,
author = {Liu, Chia-Tsun and Lindsay, William T.},
title = {Vapor pressure of deuterated water from 106 to 300.deg.},
journal = {Journal of Chemical \& Engineering Data},
volume = {15},
number = {4},
pages = {510-513},
year = {1970}
}
@article{xu2016fcm,
title = {The tetrahedral finite cell method for fluids: Immersogeometric analysis of turbulent flow around complex geometries},
journal = {Computers \& Fluids},
volume = {141},
pages = {135-154},
year = {2016},
author = {Xu, F. and Schillinger, D. and Kamensky, D. and Varduhn, V. and Wang, C. and Hsu, M.C.}
}

@article{hansbo2002unfitted,
  title={An unfitted finite element method, based on Nitsche’s method, for elliptic interface problems},
  author={Hansbo, A. and Hansbo, P.},
  journal={Computer methods in applied mechanics and engineering},
  volume={191},
  number={47-48},
  pages={5537--5552},
  year={2002},
  publisher={Elsevier}
}


@article{schillinger2012isogeometric,
  title={An isogeometric design-through-analysis methodology based on adaptive hierarchical refinement of NURBS, immersed boundary methods, and T-spline CAD surfaces},
  author={Schillinger, D. and Dede, L. and Scott, M. A. and Evans, J. and Borden, M. and Rank, E. and Hughes, T.},
  journal={Computer Methods in Applied Mechanics and Engineering},
  volume={249},
  pages={116--150},
  year={2012},
  publisher={Elsevier}
}


@article{klassen2014evaporation,
  title={Evaporation model for beam based additive manufacturing using free surface lattice Boltzmann methods},
  author={Klassen, A. and Scharowsky, T. and K{\"o}rner, C.},
  journal={Journal of Physics D: Applied Physics},
  volume={47},
  number={27},
  pages={275303},
  year={2014},
  publisher={IOP Publishing}
}

@article{wang2020evaporation,
  title={Evaporation Model for Keyhole Dynamics During Additive Manufacturing of Metal},
  author={Wang, L. and Zhang, Y. and Yan, W.},
  journal={Physical Review Applied},
  volume={14},
  number={6},
  pages={064039},
  year={2020},
  publisher={APS}
}

@article{bayat2019keyhole,
  title={Keyhole-induced porosities in Laser-based Powder Bed Fusion (L-PBF) of Ti6Al4V: High-fidelity modelling and experimental validation},
  author={Bayat, M. and Thanki, A. and Mohanty, S. and Witvrouw, A. and Yang, S. and Thorborg, J. and Tiedje, N. and Hattel, J.},
  journal={Additive Manufacturing},
  volume={30},
  pages={100835},
  year={2019},
  publisher={Elsevier}
}

@article{wei2020mechanistic,
  title={Mechanistic models for additive manufacturing of metallic components},
  author={Wei, H. and Mukherjee, T. and Zhang, W. and Zuback, J. and Knapp, G. and De, A. and DebRoy, T.},
  journal={Progress in Materials Science},
  pages={100703},
  year={2020},
  publisher={Elsevier}
}

@article{yan2016computational,
  title={Computational free-surface fluid--structure interaction with application to floating offshore wind turbines},
  author={Yan, J. and Korobenko, A. and Deng, X. and Bazilevs, Y.},
  journal={Computers \& Fluids},
  volume={141},
  pages={155--174},
  year={2016},
  publisher={Elsevier}
}


@article{liu2020nested,
  title={The nested block preconditioning technique for the incompressible Navier--Stokes equations with emphasis on hemodynamic simulations},
  author={Liu, J. and Yang, W. and Dong, M. and Marsden, A.},
  journal={Computer Methods in Applied Mechanics and Engineering},
  volume={367},
  pages={113122},
  year={2020},
  publisher={Elsevier}
}

@article{hong2003vorticity,
  title={Vorticity based turbulence model for thermofluids modelling of welds},
  author={Hong, K. and Weckman, D. and Strong, A. and Zheng, W.},
  journal={Science and technology of welding and joining},
  volume={8},
  number={5},
  pages={313--324},
  year={2003},
  publisher={Taylor \& Francis}
}

@article{zhao2020critical,
  title={Critical instability at moving keyhole tip generates porosity in laser melting},
  author={Zhao, C. and Parab, N. and Li, X. and Fezzaa, K. and Tan, W. and Rollett, A. and Sun, T.},
  journal={Science},
  volume={370},
  number={6520},
  pages={1080--1086},
  year={2020},
  publisher={American Association for the Advancement of Science}
}


@article{Masud6,
  title={Modeling of steep layers in singularly perturbed diffusion--reaction equation via flexible fine-scale basis},
  author={Masud, A. and Anguiano, M. and Harari, I.},
  journal={Computer Methods in Applied Mechanics and Engineering},
  volume={372},
  pages={113343},
  year={2020},
  publisher={Elsevier}
}

@article{Masud5,
  title={Variationally derived interface stabilization for discrete multiphase flows and relation with the ghost-penalty method},
  author={Zhu, L. and Masud, A.},
  journal={Computer Methods in Applied Mechanics and Engineering},
  volume={373},
  pages={113404},
  year={2021},
  publisher={Elsevier}
}


@article{courtois2013new,
  title={A new approach to compute multi-reflections of laser beam in a keyhole for heat transfer and fluid flow modelling in laser welding},
  author={Courtois, M. and Carin, M. and Le Masson, P. and Gaied, S. and Balabane, M.},
  journal={Journal of Physics D: Applied Physics},
  volume={46},
  number={50},
  pages={505305},
  year={2013},
  publisher={IOP Publishing}
}

@article{esmaeeli2004computations,
  title={Computations of film boiling. {Part I}: numerical method},
  author={Esmaeeli, A. and Tryggvason, G.},
  journal={International journal of heat and mass transfer},
  volume={47},
  number={25},
  pages={5451--5461},
  year={2004},
  publisher={Elsevier}
}

@inproceedings{courtois2013complete,
  title={Complete heat and fluid flow modeling of keyhole formation and collapse during spot laser welding},
  author={Courtois, M. and Carin, M. and Le Masson, P. and Gaied, S. and Balabane, M.},
  booktitle={International Congress on Applications of Lasers \& Electro-Optics},
  volume={2013},
  number={1},
  pages={77--84},
  year={2013},
  organization={Laser Institute of America}
}

@article{courtois2014complete,
  title={A complete model of keyhole and melt pool dynamics to analyze instabilities and collapse during laser welding},
  author={Courtois, M. and Carin, M. and Le Masson, P. and Gaied, S. and Balabane, M.},
  journal={Journal of Laser applications},
  volume={26},
  number={4},
  pages={042001},
  year={2014},
  publisher={Laser Institute of America}
}


@article{lin2020conservative,
  title={A conservative level set method on unstructured meshes for modeling multiphase thermo-fluid flow in additive manufacturing processes},
  author={Lin, S. and Gan, Z. and Yan, J. and Wagner, G.},
  journal={Computer Methods in Applied Mechanics and Engineering},
  volume={372},
  pages={113348},
  year={2020},
  publisher={Elsevier}
}

@article{liu2018unified,
  title={A unified continuum and variational multiscale formulation for fluids, solids, and fluid--structure interaction},
  author={Liu, J. and Marsden, A.},
  journal={Computer methods in applied mechanics and engineering},
  volume={337},
  pages={549--597},
  year={2018},
  publisher={Elsevier}
}


@article{otoguro2020space,
  title={Space--time variational multiscale isogeometric analysis of a tsunami-shelter vertical-axis wind turbine},
  author={Otoguro, Y. and Mochizuki, H. and Takizawa, K. and Tezduyar, T.},
  journal={Computational Mechanics},
  pages={1--18},
  year={2020},
  publisher={Springer}
}

@article{FSI1,
  title={Isogeometric fluid-structure interaction: theory, algorithms, and computations},
  author={Bazilevs, Y. and Calo, V. and Hughes, T.J.R. and Zhang, Y.},
  journal={Computational mechanics},
  volume={43},
  number={1},
  pages={3--37},
  year={2008},
  publisher={Springer}
}

@article{FSI2,
  title={A multiscale/stabilized formulation of the incompressible Navier--Stokes equations for moving boundary flows and fluid--structure interaction},
  author={Khurram, R. and Masud, A.},
  journal={Computational Mechanics},
  volume={38},
  number={4-5},
  pages={403--416},
  year={2006},
  publisher={Springer}
}

@article{VMS_LES1,
  title={Large eddy simulation of turbulent channel flows by the variational multiscale method},
  author={Hughes, T.J.R. and Oberai, A. and Mazzei, L.},
  journal={Physics of fluids},
  volume={13},
  number={6},
  pages={1784--1799},
  year={2001},
  publisher={American Institute of Physics}
}

@article{VMS_LES2,
  title={The multiscale formulation of large eddy simulation: Decay of homogeneous isotropic turbulence},
  author={Hughes, T.J.R. and Mazzei, L. and Oberai, A. and Wray, A.},
  journal={Physics of fluids},
  volume={13},
  number={2},
  pages={505--512},
  year={2001},
  publisher={American Institute of Physics}
}

@article{wenda0,
  title={Revealing Transient Powder-Gas Interaction in Laser Powder Bed Fusion Process through Multi-physics Modeling and High-speed Synchrotron X-ray Imaging},
  author={Li, X. and Zhao, C. and Sun, T. and Tan, W.},
  journal={Additive Manufacturing},
  pages={101362},
  year={2020},
  publisher={Elsevier}
}

@article{MeshfreeAM,
  title={Meshfree simulations for additive manufacturing process of metals},
  author={Fan, Z. and Li, B.},
  journal={Integrating Materials and Manufacturing Innovation},
  volume={8},
  number={2},
  pages={144--153},
  year={2019},
  publisher={Springer}
}

@article{Masud1,
  title={A variational multiscale stabilized formulation for the incompressible Navier--Stokes equations},
  author={Masud, A. and Calderer, R.},
  journal={Computational Mechanics},
  volume={44},
  number={2},
  pages={145--160},
  year={2009},
  publisher={Springer}
}

@article{Masud2,
  title={Interface-Capturing Method for Free-Surface Plunging and Breaking Waves},
  author={Zhu, L. and Goraya, S. and Masud, A.},
  journal={Journal of Engineering Mechanics},
  volume={145},
  number={11},
  pages={04019088},
  year={2019},
  publisher={American Society of Civil Engineers}
}

@article{Masud3,
  title={Residual-based turbulence models and arbitrary Lagrangian--Eulerian framework for free surface flows},
  author={Calderer, R. and Zhu, L. and Gibson, R. and Masud, A.},
  journal={Mathematical Models and Methods in Applied Sciences},
  volume={25},
  number={12},
  pages={2287--2317},
  year={2015},
  publisher={World Scientific}
}

@article{Masud4,
  title={Residual-based turbulence models for moving boundary flows: hierarchical application of variational multiscale method and three-level scale separation},
  author={Masud, A. and Calderer, R.},
  journal={International Journal for Numerical Methods in Fluids},
  volume={73},
  number={3},
  pages={284--305},
  year={2013},
  publisher={Wiley Online Library}
}

@article{PSPG,
  title={Stabilization parameters in SUPG and PSPG formulations},
  author={Tezduyar, T. and Sathe, S.},
  journal={Journal of computational and applied mechanics},
  volume={4},
  number={1},
  pages={71--88},
  year={2003}
}

@article{hughes1998variational,
  title={The variational multiscale method—a paradigm for computational mechanics},
  author={Hughes, T. and Feij{\'o}o, G. and Mazzei, L. and Quincy, J.},
  journal={Computer methods in applied mechanics and engineering},
  volume={166},
  number={1-2},
  pages={3--24},
  year={1998},
  publisher={Elsevier}
}

@article{CSF,
  title={A continuum method for modeling surface tension},
  author={Brackbill, J. and Kothe, D. and Zemach, C.},
  journal={Journal of computational physics},
  volume={100},
  number={2},
  pages={335--354},
  year={1992},
  publisher={Elsevier}
}

@article{codina2007dynamic,
  title={Dynamic subscales in the finite element approximation of thermally coupled incompressible flows},
  author={Codina, R. and Principe, J.},
  journal={International journal for numerical methods in fluids},
  volume={54},
  number={6-8},
  pages={707--730},
  year={2007},
  publisher={Wiley Online Library}
}

@article{codina2011approximation,
  title={Approximation of the thermally coupled MHD problem using a stabilized finite element method},
  author={Codina, R. and Hern{\'a}ndez, N.},
  journal={Journal of Computational Physics},
  volume={230},
  number={4},
  pages={1281--1303},
  year={2011},
  publisher={Elsevier}
}


@article{schrefler2011thermal,
  title={Thermal coupling of fluid flow and structural response of a tunnel induced by fire},
  author={Schrefler, B. and Codina, R. and Pesavento, F. and Principe, J.},
  journal={International journal for numerical methods in engineering},
  volume={87},
  number={1-5},
  pages={361--385},
  year={2011},
  publisher={Wiley Online Library}
}


@article{tezduyar2008stabilized,
  title={Stabilized formulations for incompressible flows with thermal coupling},
  author={Tezduyar, T. and Ramakrishnan, S. and Sathe, S.},
  journal={International Journal for Numerical Methods in Fluids},
  volume={57},
  number={9},
  pages={1189--1209},
  year={2008},
  publisher={Wiley Online Library}
}


@article{doumanidis2002multivariable,
  title={Multivariable adaptive control of the bead profile geometry in gas metal arc welding with thermal scanning},
  author={Doumanidis, C. and Kwak, Y.},
  journal={International Journal of Pressure Vessels and Piping},
  volume={79},
  number={4},
  pages={251--262},
  year={2002},
  publisher={Elsevier}
}

@article{corbin2017effect,
  title={Effect of directed energy deposition processing parameters on laser deposited Inconel{\textregistered} 718: External morphology},
  author={Corbin, D. and Nassar, A. and Reutzel, E. and Beese, A. and Kistler, N.},
  journal={Journal of Laser Applications},
  volume={29},
  number={2},
  pages={022001},
  year={2017},
  publisher={Laser Institute of America}
}

@article{frazier2014metal,
  title={Metal additive manufacturing: a review},
  author={Frazier, W.},
  journal={Journal of Materials Engineering and Performance},
  volume={23},
  number={6},
  pages={1917--1928},
  year={2014},
  publisher={Springer}
}


@book{prosperetti2009computational,
  title={Computational methods for multiphase flow},
  author={Prosperetti, A. and Tryggvason, G.},
  year={2009},
  publisher={Cambridge University Press}
}

@ARTICLE{Hughes81a,
  AUTHOR  = {T. J. R.~Hughes and W. K.~Liu and T. K.~Zimmermann},
  JOURNAL = {Computer Methods in Applied Mechanics and Engineering},
  TITLE   = {Lagrangian--{E}ulerian finite element formulation for incompressible viscous flows},
  VOLUME  = {29},
  YEAR    = {1981},
  PAGES   = {329--349}
}

@article{unverdi1992front,
  title={A front-tracking method for viscous, incompressible, multi-fluid flows},
  author={Unverdi, S. O. and Tryggvason, G.},
  journal={Journal of Computational Physics},
  volume={100},
  number={1},
  pages={25--37},
  year={1992},
  publisher={Elsevier}
}

@article{best1993formation,
  title={The formation of toroidal bubbles upon the collapse of transient cavities},
  author={Best, J. P. },
  journal={Journal of Fluid Mechanics},
  volume={251},
  pages={79--107},
  year={1993},
  publisher={Cambridge Univ Press}
}



@article{braess2000arbitrary,
  title={Arbitrary {L}agrangian {E}ulerian finite element analysis of free surface flow},
  author={Braess, H. and Wriggers, P.},
  journal={Computer Methods in Applied Mechanics and Engineering},
  volume={190},
  number={1-2},
  pages={95--109},
  year={2000},
  publisher={Elsevier}
}

@article{Wang17gp,
author = {Wang, C. and Xu, F. and Hsu, M.-C. and Krishnamurthy, A.},
title = {{Rapid B-rep model preprocessing for immersogeometric analysis using analytic surfaces}},
journal = {Computer Aided Geometric Design},
year = {2017},
volume = {52-53},
pages = {190--204}
}

@article{gan2017numerical,
  title={Numerical simulation of thermal behavior and multicomponent mass transfer in direct laser deposition of Co-base alloy on steel},
  author={Gan, Z. and Yu, G. and He, X. and Li, S.},
  journal={International Journal of Heat and Mass Transfer},
  volume={104},
  pages={28--38},
  year={2017},
  publisher={Elsevier}
}

@article{sussman1994level,
  title={A level set approach for computing solutions to incompressible two-phase flow},
  author={Sussman, M. and Smereka, P. and Osher, S.},
  journal={Journal of Computational physics},
  volume={114},
  number={1},
  pages={146--159},
  year={1994},
  publisher={Elsevier}
}

@article{osher1988fronts,
  title={Fronts propagating with curvature-dependent speed: algorithms based on {H}amilton-{J}acobi formulations},
  author={Osher, S. and Sethian, J. A.},
  journal={Journal of Computational Physics},
  volume={79},
  number={1},
  pages={12--49},
  year={1988},
  publisher={Elsevier}
}

@article{shirani2005interface,
  title={Interface pressure calculation based on conservation of momentum for front capturing methods},
  author={Shirani, E. and Ashgriz, N. and Mostaghimi, J.},
  journal={Journal of Computational Physics},
  volume={203},
  number={1},
  pages={154--175},
  year={2005},
  publisher={Elsevier}
}

@ARTICLE{hirt1981volume,
  AUTHOR  = {C. W.~Hirt and B. D.~Nichols},
  JOURNAL = {Journal of Computational Physics},
  TITLE   = {Volume of Fluid ({VOF}) Method for the Dynamics of Free Boundaries},
  VOLUME  = {39},
  YEAR    = {1981},
  PAGES   = {201--225}
}

@article{jacqmin1999calculation,
  title={Calculation of two-phase {N}avier--{S}tokes flows using phase-field modeling},
  author={Jacqmin, D.},
  journal={Journal of Computational Physics},
  volume={155},
  number={1},
  pages={96--127},
  year={1999},
  publisher={Elsevier}
}

@phdthesis{liu2014thesis,
  title={Thermodynamically consistent modeling and simulation of multiphase flows},
  author={Liu, J.},
  year={2014},
  school={The University of Texas at Austin}
}

@article{yue2004diffuse,
  title={A diffuse-interface method for simulating two-phase flows of complex fluids},
  author={Yue, P. and Feng, J. J. and Liu, C. and Shen, J.},
  journal={Journal of Fluid Mechanics},
  volume={515},
  pages={293--317},
  year={2004},
  publisher={Cambridge Univ Press}
}

@article{amaya2010single,
  title={Single bubble rising dynamics for moderate {R}eynolds number using {L}attice {B}oltzmann {M}ethod},
  author={Amaya-Bower, L. and Lee, T.},
  journal={Computers \& Fluids},
  volume={39},
  number={7},
  pages={1191--1207},
  year={2010},
  publisher={Elsevier}
}

@article{Jansen2005,
  title={Computation of incompressible bubble dynamics with a stabilized finite element level set method},
  author={Nagrath, S. and Jansen, K. E and Lahey, R. T.},
  journal={Computer Methods in Applied Mechanics and Engineering},
  volume={194},
  number={42},
  pages={4565--4587},
  year={2005},
  publisher={Elsevier}
}

@article{tripathi2015dynamics,
  title={Dynamics of an initially spherical bubble rising in quiescent liquid},
  author={Tripathi, M. K. and Sahu, K. C. and Govindarajan, R.},
  journal={Nature communications},
  volume={6},
  year={2015},
  publisher={Nature Publishing Group}
}

@article{van2005numerical,
  title={Numerical simulation of gas bubbles behaviour using a three-dimensional volume of fluid method},
  author={van Sint Annaland, M. and Deen, N. G. and Kuipers, J. A. M.},
  journal={Chemical Engineering Science},
  volume={60},
  number={11},
  pages={2999--3011},
  year={2005},
  publisher={Elsevier}
}

@article{gimenez2016surface,
  title={Surface tension problems solved with the particle finite element method using large time-steps},
  author={Gimenez, J. M. and Nigro, N. M. and Idelsohn, S. R. and O{\~n}ate, E.},
  journal={Computers \& Fluids},
  year={2016},
  publisher={Elsevier}
}

@article{calderer2015residual,
  title={Residual-based turbulence models and arbitrary {L}agrangian--{E}ulerian framework for free surface flows},
  author={Calderer, R. and Zhu, L. and Gibson, R. and Masud, A.},
  journal={Mathematical Models and Methods in Applied Sciences},
  volume={25},
  number={12},
  pages={2287--2317},
  year={2015},
  publisher={World Scientific}
}

@article{zhu2019,
  title={A Stabilized Interface Capturing Method for Large Amplitude Breaking Waves},
  author={Zhu, L. and Goraya, S. and Masud, A.},
  journal={Journal of Engineering Mechanics},
  volume={},
  number={},
  pages={},
  year={2019},
  publisher={ASCE}
}

@article{liu2013functional,
  title={Functional entropy variables: a new methodology for deriving thermodynamically consistent algorithms for complex fluids, with particular reference to the isothermal Navier--Stokes--Korteweg equations},
  author={Liu, J. and Gomez, H. and Evans, J. and Hughes, T. and Landis, .},
  journal={Journal of Computational Physics},
  volume={248},
  pages={47--86},
  year={2013},
  publisher={Elsevier}
}

@article{liu2015liquid,
  title={Liquid--vapor phase transition: Thermomechanical theory, entropy stable numerical formulation, and boiling simulations},
  author={Liu, J. and Landis, C. and Gomez, H. and Hughes, T.},
  journal={Computer Methods in Applied Mechanics and Engineering},
  volume={297},
  pages={476--553},
  year={2015},
  publisher={Elsevier}
}

@article{gonzalez2014thermodynamically,
  title={A thermodynamically consistent numerical method for a phase field model of solidification},
  author={Gonzalez-Ferreiro, B. and Gomez, H. and Romero, I.},
  journal={Communications in Nonlinear Science and Numerical Simulation},
  volume={19},
  number={7},
  pages={2309--2323},
  year={2014},
  publisher={Elsevier}
}

@article{gomez2008isogeometric,
  title={Isogeometric analysis of the Cahn--Hilliard phase-field model},
  author={G{\'o}mez, H. and Calo, V. M and Bazilevs, Y. and Hughes, T.},
  journal={Computer methods in applied mechanics and engineering},
  volume={197},
  number={49-50},
  pages={4333--4352},
  year={2008},
  publisher={Elsevier}
}

@article{bueno2016liquid,
  title={Liquid-vapor transformations with surfactants. Phase-field model and Isogeometric Analysis},
  author={Bueno, J. and Gomez, H.},
  journal={Journal of Computational Physics},
  volume={321},
  pages={797--818},
  year={2016},
  publisher={Elsevier}
}

@article{mukherjee2019flow,
  title={Flow and mixing dynamics of phase-transforming multicomponent fluids},
  author={Mukherjee, S. and Gomez, H.},
  journal={Applied Physics Letters},
  volume={115},
  number={10},
  pages={104101},
  year={2019},
  publisher={AIP Publishing LLC}
}

@article{guler1999parallel,
  title={Parallel finite element computation of free-surface flows},
  author={G{\"u}ler, I. and Behr, M. and Tezduyar, T.},
  journal={Computational Mechanics},
  volume={23},
  number={2},
  pages={117--123},
  year={1999},
  publisher={Springer}
}

@ARTICLE{Johnson94a,
  AUTHOR  = {A. A.~Johnson and T. E.~Tezduyar},
  JOURNAL = {Computer Methods in Applied Mechanics and Engineering},
  TITLE   = {Mesh Update Strategies in Parallel Finite Element Computations of Flow Problems with Moving Boundaries and Interfaces},
  VOLUME  = {119},
  YEAR    = {1994},
  PAGES   = {73--94},
  DOI     = {10.1016/0045-7825(94)00077-8}
}

@article{peskin2002immersed,
  title={The immersed boundary method},
  author={Peskin, C. S.},
  journal={Acta Numerica},
  volume={11},
  pages={479--517},
  year={2002},
  publisher={Cambridge University Press}
}


@article{yan2016free,
  title={Free-surface flow modeling and simulation of horizontal-axis tidal-stream turbines},
  author={Yan, J. and Deng, X. and Korobenko, A. and Bazilevs, Y.},
  journal={Computers \& Fluids},
  year={2016},
  publisher={Elsevier}
}

@BOOK{Cottrell09a,
  AUTHOR                 = {J. A.~Cottrell and T. J. R.~Hughes and Y.~Bazilevs},
  TITLE                  = {Isogeometric Analysis. Toward Integration of {CAD} and {FEA}},
  YEAR                   = {2009},
  PUBLISHER              = {Wiley}
}

@ARTICLE{Hughes05a,
  AUTHOR                 = {T. J. R.~Hughes and J. A.~Cottrell and Y.~Bazilevs},
  JOURNAL                = {Computer Methods in Applied Mechanics and Engineering},
  TITLE                  = {Isogeometric analysis: {CAD}, finite elements, {NURBS}, exact geometry, and mesh refinement},
  VOLUME                 = {194},
  YEAR                   = {2005},
  PAGES                  = {4135--4195},
  ISSUE                  = {39-41}
}

@article{Hsu16fq,
  author = {Hsu, M.-C. and Wang, C. and Xu, F. and Herrema, A. J. and Krishnamurthy, A.},
  title = {{Direct immersogeometric fluid flow analysis using B-rep CAD models}},
  journal = {Computer Aided Geometric Design},
  volume={43},
  pages={143--158},
  year={2016}
}

@article{Wu18a,
  title={An anisotropic constitutive model for immersogeometric fluid--structure interaction analysis of bioprosthetic heart valves},
  author={Wu, M. C. H. and Zakerzadeh, R. and Kamensky, D. and Kiendl, J. and Sacks, M. S. and Hsu, M.-C.},
  journal={Journal of Biomechanics},
  volume={74},
  pages={23--31},
  year={2018},
}

@article{Hsu14dh,
  author = {Hsu, M.-C. and Kamensky, D. and Bazilevs, Y. and Sacks, M. S. and Hughes, T. J. R.},
  title = {{Fluid--structure interaction analysis of bioprosthetic heart valves: significance of arterial wall deformation}},
  journal = {Computational Mechanics},
  year = {2014},
  volume = {54},
  pages = {1055--1071}
}

@article{Xu18a,
author = {Xu, F. and Morganti, S. and Zakerzadeh, R. and Kamensky, D. and Auricchio, F. and Reali, A. and Hughes, T. J. R. and Sacks, M. S. and Hsu, M.-C.},
title = {{A framework for designing patient-specific bioprosthetic heart valves using immersogeometric fluid--structure interaction analysis}},
journal = {International Journal for Numerical Methods in Biomedical Engineering},
year = {2018},
volume = {34},
number = {4},
pages = {e2938}
}

@article{Xu19ct,
  title={Immersogeometric analysis of compressible flows with application to aerodynamic simulation of rotorcraft},
  author={Xu, F. and Bazilevs, Y. and Hsu, M.-C.},
  journal={Mathematical Models and Methods in Applied Sciences},
  volume={29},
  number={05},
  pages={905--938},
  year={2019}
}

@ARTICLE{Parvizian:07.1,
  AUTHOR          = {Parvizian, J. and D\"{u}ster, A. and Rank, E.},
  TITLE           = {Finite Cell Method: \textit{h}- and \textit{p}- extension for embedded domain methods in solid mechanics},
  JOURNAL         = {Computational Mechanics},
  YEAR            = {2007},
  VOLUME          = {41},
  PAGES           = {122--133}
}

@article{Xu19gw,
  title={Immersogeometric analysis of moving objects in incompressible flows},
  author={Xu, S. and Xu, F. and Kommajosula, A. and Hsu, M.-C. and Ganapathysubramanian, B.},
  journal={Computers \& Fluids},
  volume={189},
  pages={24--33},
  year={2019}
}

@article{xu2019residual,
  title={Residual-based variational multi-scale modeling for particle-laden gravity currents over flat and triangular wavy terrains},
  author={Xu, S. and Liu, N. and Yan, J.},
  journal={Computers \& Fluids},
  volume={188},
  pages={114--124},
  year={2019},
  publisher={Elsevier}
}

@article{yan2016new,
  title={A new variational multiscale formulation for stratified incompressible turbulent flows},
  author={Yan, J. and Korobenko, A. and Tejada-Mart{\'\i}nez, A. E. and Golshan, R. and Bazilevs, Y.},
  journal={Computers \& Fluids},
  year={2016},
  publisher={Pergamon}
}

@article{van2016isogeometric,
  title={Isogeometric divergence-conforming variational multiscale formulation of incompressible turbulent flows},
  author={van Opstal, T. M. and Yan, J. and Coley, C. and Evans, J. A and Kvamsdal, T. and Bazilevs, Y.},
  journal={Computer Methods in Applied Mechanics and Engineering},
  year={2016},
  publisher={Elsevier}
}

@article{liu2013new,
  title={A new insertion sequence for incremental Delaunay triangulation},
  author={Liu, J. and Yan, J. and Lo, S.},
  journal={Acta Mechanica Sinica},
  volume={29},
  number={1},
  pages={99--109},
  year={2013},
  publisher={Springer}
}


@article{yan2019isogeometric,
  title={Isogeometric analysis of multi-phase flows with surface tension and with application to dynamics of rising bubbles},
  author={Yan, J. and Lin, S. and Bazilevs, Y. and Wagner, G. J.},
  journal={Computers \& Fluids},
  volume={179},
  pages={777--789},
  year={2019},
  publisher={Elsevier}
}

@article{yan2018fully,
  title={A fully coupled finite element formulation for liquid--solid--gas thermo-fluid flow with melting and solidification},
  author={Yan, J. and Yan, W. and Lin, S. and Wagner, G. J.},
  journal={Computer Methods in Applied Mechanics and Engineering},
  volume={336},
  pages={444--470},
  year={2018},
  publisher={Elsevier}
}

@article{tezduyar2006stabilization,
  title={Stabilization and shock-capturing parameters in SUPG formulation of compressible flows},
  author={Tezduyar, T. E and Senga, M.},
  journal={Computer methods in applied mechanics and engineering},
  volume={195},
  number={13-16},
  pages={1621--1632},
  year={2006},
  publisher={Elsevier}
}
@article{harari1992c,
  title={What are C and h?: Inequalities for the analysis and design of finite element methods},
  author={Harari, I. and Hughes, T.},
  journal={Computer Methods in Applied Mechanics and Engineering},
  volume={97},
  number={2},
  pages={157--192},
  year={1992},
  publisher={Elsevier}
}

@article{hughes1986new,
  title={A new finite element formulation for computational fluid dynamics: IV. A discontinuity-capturing operator for multidimensional advective-diffusive systems},
  author={Hughes, T. and Mallet, M.},
  journal={Computer methods in applied mechanics and engineering},
  volume={58},
  number={3},
  pages={329--336},
  year={1986},
  publisher={Elsevier}
}

@ARTICLE{Tezduyar91c,
  AUTHOR  = {T. E.~Tezduyar},
  JOURNAL = {Advances in Applied Mechanics},
  TITLE   = {Stabilized Finite Element Formulations for Incompressible Flow Computations},
  VOLUME  = {28},
  YEAR    = {1992},
  PAGES   = {1--44}
}
 
@ARTICLE{Hughes01a,
  AUTHOR  = {T. J. R.~Hughes and L.~Mazzei and A. A.~Oberai and A.~Wray},
  JOURNAL = {Physics of Fluids},
  TITLE   = {The Multiscale Formulation of Large Eddy Simulation: {D}ecay of Homogeneous Isotropic Turbulence},
  VOLUME  = {13},
  YEAR    = {2001},
  PAGES   = {505--512}
}

@INCOLLECTION{HugScoFr04,
  AUTHOR  = {T. J. R.~Hughes and G.~Scovazzi and L. P.~Franca},
  TITLE   = {Multiscale and Stabilized Methods},
  YEAR    = {2004},
  PUBLISHER  = {John Wiley \& Sons},
  BOOKTITLE  = {Encyclopedia of Computational Mechanics}
}

@ARTICLE{Hsu09a,
  AUTHOR  = {M. C.~Hsu and Y.~Bazilevs and V. M.~Calo and T. E.~Tezduyar and T. J. R.~Hughes},
  JOURNAL = {Computer Methods in Applied Mechanics and Engineering},
  TITLE   = {Improving Stability of Stabilized and Multiscale Formulations in Flow Simulations at Small Time Steps},
  VOLUME  = {199},
  YEAR    = {2010},
  PAGES   = {828--840}
}

@BOOK{Johnson87a,
  AUTHOR  = {C.~Johnson},
  TITLE   = {Numerical Solution of Partial Differential Equations by the Finite Element Method},
  YEAR    = {1987},
  PUBLISHER  = {Cambridge University Press},
  ADDRESS = {Sweden}
}

@ARTICLE{Tezduyar01a,
  AUTHOR  = {T. E.~Tezduyar},
  JOURNAL = {Archives of Computational Methods in Engineering},
  TITLE   = {Finite Element Methods for Flow Problems with Moving Boundaries and Interfaces},
  VOLUME  = {8},
  YEAR    = {2001},
  PAGES   = {83--130}
}

@article{bazilevs2007yzbeta,
  title={YZ$\beta$ discontinuity capturing for advection-dominated processes with application to arterial drug delivery},
  author={Bazilevs, Y. and Calo, V. M. and Tezduyar, T. E. and Hughes, T. J. R.},
  journal={International Journal for Numerical Methods in Fluids},
  volume={54},
  number={6-8},
  pages={593--608},
  year={2007},
  publisher={Wiley Online Library}
}


@article{tezduyar2003computation,
  title={Computation of moving boundaries and interfaces and stabilization parameters},
  author={Tezduyar, T. E.},
  journal={International Journal for Numerical Methods in Fluids},
  volume={43},
  number={5},
  pages={555--575},
  year={2003},
  publisher={Wiley Online Library}
}

@article{Nitsche71,
  author = {Nitsche, J.},
  title = {{{\"U}ber ein Variationsprinzip zur L{\"o}sung von Dirichlet-Problemen bei Verwendung von Teilr{\"a}umen, die keinen Randbedingungen unterworfen sind}},
  journal = {Abhandlungen aus dem Mathematischen Seminar der Universit{\"a}t Hamburg},
  year = {1971},
  volume = {36},
  pages = {9--15}
}

@article{varduhn2016tetrahedral,
  title={The tetrahedral finite cell method: higher-order immersogeometric analysis on adaptive non-boundary-fitted meshes},
  author={Varduhn, Vasco and Hsu, Ming-Chen and Ruess, Martin and Schillinger, Dominik},
  journal={International Journal for Numerical Methods in Engineering},
  volume={107},
  number={12},
  pages={1054--1079},
  year={2016}
}


@book{bazilevsFSIbook,
  title={Computational fluid-structure interaction: methods and applications},
  author={Bazilevs, Y. and Takizawa, K. and Tezduyar, T. E.},
  year={2013},
  publisher={John Wiley \& Sons}
}


@article{herrmann2008balanced,
  title={A balanced force refined level set grid method for two-phase flows on unstructured flow solver grids},
  author={Herrmann, M.},
  journal={Journal of computational physics},
  volume={227},
  number={4},
  pages={2674--2706},
  year={2008},
  publisher={Elsevier}
}

@article{francois2006balanced,
  title={A balanced-force algorithm for continuous and sharp interfacial surface tension models within a volume tracking framework},
  author={Francois, M. and Cummins, S. and Dendy, E. and Kothe, D. and Sicilian, J. and Williams, M.},
  journal={Journal of Computational Physics},
  volume={213},
  number={1},
  pages={141--173},
  year={2006},
  publisher={Elsevier}
}

@article{montazeri2014balanced,
  title={A balanced-force algorithm for two-phase flows},
  author={Montazeri, H. and Ward, C.},
  journal={Journal of Computational Physics},
  volume={257},
  pages={645--669},
  year={2014},
  publisher={Elsevier}
}

@article{lin2019volume,
  title={A volume-conserving balanced-force level set method on unstructured meshes using a control volume finite element formulation},
  author={Lin, S. and Yan, J. and Kats, D. and Wagner, G.},
  journal={Journal of Computational Physics},
  volume={380},
  pages={119--142},
  year={2019},
  publisher={Elsevier}
}

@phdthesis{french1970wave,
  title={Wave uplift pressures on horizontal platforms},
  author={French, J. A.},
  year={1970},
  school={California Institute of Technology}
}

@article{kleefsman2005volume,
  title={A volume-of-fluid based simulation method for wave impact problems},
  author={Kleefsman, K. M. T. and Fekken, G. and Veldman, A. E. P. and Iwanowski, B. and Buchner, B.},
  journal={Journal of Computational Physics},
  volume={206},
  number={1},
  pages={363--393},
  year={2005},
  publisher={Elsevier}
}

@misc{geo_5415,
  title = {Geometry of {DTMB} 5415 model},
  howpublished = {\url{http://www.simman2008.dk/5415/5415_geometry.htm}},
  year={2008}
}

@article{longo2005uncertainty,
  title={Uncertainty assessment for towing tank tests with example for surface combatant {DTMB} model 5415},
  author={Longo, J. and Stern, F.},
  journal={Journal of Ship Research},
  volume={49},
  number={1},
  pages={55--68},
  year={2005},
  publisher={Society of Naval Architects and Marine Engineers (SNAME)}
}


@article{debroy2017digital,
  title={Building blocks for a digital twin of additive manufacutring},
  author={Knapp, G. L. and Mukherjee, T. and Zuback, J. S. and Wei, H. L. and Palmer, T. A. and De, A. and Debroy, T.},
  journal={Acta Materialia},
  year={2017},
  publisher={Elsevier}
}

@article{debroy2014activation,
  title={Heat transfer and material flow during laser assisted multi-layer additive manufacturing},
  author={Manvatkar, V. and De, A. and Debroy, T.},
  journal={Journal of Applied Physics},
  year={2014},
  publisher={American Institute of Physics}
}
@article{gan2019nist,
  title={Benchmark Study of Thermal Behavior, Surface Topography, and Dendritic Microstructure in Selective Laser Melting of Inconel 625},
  author={Gan, Z. and Lian, Y and Lin, S. E. and Jones, K. K. and Liu, W. K. and Wagner, G. J.},
  journal={Integrating Materials and Manufacturing Innovation},
  year={2019},
  publisher={Springer}
}

@phdthesis{saldi2012welding,
  title={Marangoni driven free surface
flows in liquid weld pools},
  author={Saldi, Z. S.},
  year={2012},
  school={Delft University of Technology}
}
@article{pitsch1996welding,
author = {Pitscheneder, W. and Debroy, Tarasankar and Mundra, K. and Ebner, R.},
journal = {Welding Journal},
year = {1996},
month = {03},
publisher = {American Welding Society},
pages = {71s-80s},
title = {Role of sulfur and processing variables on the temporal evolution of weld pool geometry during multikilowatt laser beam welding of steels},
volume = {75}
}
@article{sahoo1988mgn,
author = {Sahoo, P. and Debroy, T. and Mcnallan, M.},
year = {1988},
month = {06},
pages = {483-491},
title = {Surface tension of binary metal—surface active solute systems under conditions relevant to welding metallurgy},
volume = {19},
journal = {Metallurgical Transactions B}
}
@article{shin2019review,
  title={Additive manufacturing of Ti6Al4V alloy: A review},
  author={Liu, S. and Shin, Y.},
  journal={Material $\&$ Design},
  year={2019},
  publisher={Elsevier}
}

@article{shin2015am,
author = {Gao, W. and Zhang, Y. and Ramanujan, D. and Ramani, K. and Chen, Y. and Williams, C. and Wang, C. and Shin, Y. and Zavattieri, P.},
year = {2015},
month = {04},
pages = {},
title = {The Status, Challenges, and Future of Additive Manufacturing in Engineering},
volume = {69},
journal = {Computer-Aided Design},
}

@article{kashyap1995steel,
title = {On the Hall-Petch relationship and substructural evolution in type 316L stainless steel},
author = {Kashyap, B. P. and Tangri, K.},
journal = {Acta Materialia},
number = 11,
volume = 43,
place = {United States},
year = {1995},
month = {11}
}
@article{debroy2016digit,
author = {Debroy, T. and Zhang, W. and Turner, J. and Babu, S.},
year = {2016},
month = {12},
pages = {},
title = {Building digital twins of 3D printing machines},
journal = {Scripta Materialia}
}
@article{cao2011curve,
author = {Cao, Y. and Zhu, S. and Liang, X. and Wang, W.},
year = {2011},
month = {06},
pages = {641-645},
title = {Overlapping model of beads and curve fitting of bead section for rapid manufacturing by robotic MAG welding process},
volume = {27},
journal = {Robotics and Computer-Integrated Manufacturing}
}
@article{toy2006num,
author = {Toyserkani, E. and Huissoon, J.P.},
year = {2006},
month = {12},
pages = {},
title = {Three-dimensional numerical approach for geometrical prediction of multilayer laser solid freeform fabrication process},
volume = {19},
journal = {Journal of Laser Applications}
}
@article{dou2002curve,
author = {Doumanidis, C. and Kwak, Y. M.},
year = {2002},
month = {04},
pages = {251-262},
title = {Multivariable adaptive control of the bead profile geometry in gas metal arc welding with thermal scanning},
volume = {79},
journal = {International Journal of Pressure Vessels and Piping}
}
@article{xiong2014curve,
author = {Xiong, J. and Zhang, G. and Hu, J. and Wu, L.},
year = {2014},
month = {02},
pages = {},
title = {Bead geometry prediction for robotic GMAW-based rapid manufacturing through a neural network and a second-order regression analysis},
volume = {25},
journal = {Journal of Intelligent Manufacturing}
}

@article{yin2010dendrite,
author = {Yin, H. and Felicelli, S.},
year = {2010},
month = {02},
pages = {1455-1465},
title = {Dendrite growth simulation during solidification in the LENS process},
volume = {58},
journal = {Acta Materialia}
}
@article{kashyap1995am,
author = {Kashyap, B. P. and Tangri, K.},
year = {1995},
month = {02},
pages = {1455-1465},
title = {On the Hall-Petch relationship and substructural evolution in type 316L stainless steel},
volume = {58},
journal = {Acta Materialia}
}
@article{vij2006casting,
author = {Vijayaram, T and Sulaiman, S and Hamouda, A.M.S and Megat A, Megat H},
year = {2006},
month = {09},
pages = {29-33},
title = {Numerical simulation of casting solidification in permanent metallic molds},
volume = {178},
journal = {Journal of Materials Processing Technology},
}


@article{wentao0,
	  title={Data-driven multi-scale multi-physics models to derive process--structure--property relationships for additive manufacturing},
	    author={Yan, W. and Lin, S. and Kafka, O. and Lian, Y. and Yu, C. and Liu, Z. and Yan, J. and Wolff, S. and Wu, H. and Ndip-Agbor, E. and Mozaffar, M. and Ehmann, K. and Cao, J. and Wagner, G. and Liu, W.},
	      journal={Computational Mechanics},
	        volume={61},
		  number={5},
		    pages={521--541},
		      year={2018},
		        publisher={Springer}
}

@article{wentao1,
	  title={Multi-scale modeling of electron beam melting of functionally graded materials},
	    author={Yan, W. and Ge, W. and Smith, J. and Lin, S. and Kafka, O. and Lin, F. and Liu, W.},
	      journal={Acta Materialia},
	        volume={115},
		  pages={403--412},
		    year={2016},
		      publisher={Elsevier}
}

@article{wentao2,
	  title={Spattering and denudation in laser powder bed fusion process: multiphase flow modelling},
	    author={Chen, H. and Yan, W.},
	      journal={Acta Materialia},
	        year={2020},
		  publisher={Elsevier}
}

@article{Lin2020,
  title={A conservative level set method on unstructured meshes for modeling multiphase thermo-fluid flow in additive manufacturing processes},
  author={Lin, S. and Gan, Z. and Yan, J. and Wagner, G.},
  journal={Computer Methods in Applied Mechanics and Engineering},
  volume={372},
  pages={113348},
  year={2020},
  publisher={Elsevier}
}

@article{exp0,
	  title={Real-time monitoring of laser powder bed fusion process using high-speed X-ray imaging and diffraction},
	    author={Zhao, C. and Fezzaa, K. and Cunningham, R. and Wen, H. and De Carlo, F. and Chen, L. and Rollett, A. and Sun, T.},
	      journal={Scientific reports},
	        volume={7},
		  number={1},
		    pages={1--11},
		      year={2017},
		        publisher={Nature Publishing Group}
}

@article{exp1,
	  title={Keyhole threshold and morphology in laser melting revealed by ultrahigh-speed x-ray imaging},
	    author={Cunningham, R. and Zhao, C. and Parab, N. and Kantzos, C. and Pauza, J. and Fezzaa, K. and Sun, T. and Rollett, A.},
	      journal={Science},
	        volume={363},
		  number={6429},
		    pages={849--852},
		      year={2019},
		        publisher={American Association for the Advancement of Science}
}

@article{exp2,
	  title={In-situ full-field mapping of melt flow dynamics in laser metal additive manufacturing},
	    author={Guo, Q. and Zhao, C. and Qu, M. and Xiong, L. and Hojjatzadeh, S. and Escano, L. and Parab, N. and Fezzaa, K. and Sun, T. and Chen, L.},
	      journal={Additive Manufacturing},
	        volume={31},
		  pages={100939},
		    year={2020},
		      publisher={Elsevier}
}


@article{FirstPINN,
	  title={Artificial neural networks for solving ordinary and partial differential equations},
	    author={Lagaris, I. and Likas, A. and Fotiadis, Di.},
	      journal={IEEE transactions on neural networks},
	        volume={9},
		  number={5},
		    pages={987--1000},
		      year={1998},
		        publisher={IEEE}
}

@article{MeshfreeAM,
	  title={Meshfree simulations for additive manufacturing process of metals},
	    author={Fan, Z. and Li, B.},
	      journal={Integrating Materials and Manufacturing Innovation},
	        volume={8},
		  number={2},
		    pages={144--153},
		      year={2019},
		        publisher={Springer}
}



@phdthesis{lin2019numerical,
	  title={Numerical Methods and High Performance Computing for Modeling Metallic Additive Manufacturing Processes at Multiple Scales},
	    author={Lin, S.},
	      year={2019},
	        school={Northwestern University}
}

@article{gan2019benchmark,
	  title={Benchmark study of thermal behavior, surface topography, and dendritic microstructure in selective laser melting of Inconel 625},
	    author={Gan, Z. and Lian, Y. and Lin, S. and Jones, K. K. and Liu, W. K. and Wagner, G. J.},
	      journal={Integrating Materials and Manufacturing Innovation},
	        volume={8},
		  number={2},
		    pages={178--193},
		      year={2019},
		        publisher={Springer}
}

@article{DED_Debroy,
	  title={Building blocks for a digital twin of additive manufacturing},
	    author={Knapp, G. and Mukherjee, T. and Zuback, J. and Wei, H. and Palmer, T. and De, A. and DebRoy, T.},
	      journal={Acta Materialia},
	        volume={135},
		  pages={390--399},
		    year={2017},
		      publisher={Elsevier}
}

@article{LPBF2,
	  title={Heat and fluid flow in additive manufacturing--Part II: Powder bed fusion of stainless steel, and titanium, nickel and aluminum base alloys},
	    author={Mukherjee, T. and Wei, H. and De, A. and DebRoy, T.},
	      journal={Computational Materials Science},
	        volume={150},
		  pages={369--380},
		    year={2018},
		      publisher={Elsevier}
}

@article{LPBF1,
	  title={Heat and fluid flow in additive manufacturing—Part I: Modeling of powder bed fusion},
	    author={Mukherjee, T. and Wei, H. L. and De, A and DebRoy, T.},
	      journal={Computational Materials Science},
	        volume={150},
		  pages={304--313},
		    year={2018},
		      publisher={Elsevier}
}
@misc{NISTAM,
	  title = {{NIST Additive Manufacturing Benchmark Test Series} ({AM-BENCH})},
	    howpublished = {\url{https://www.nist.gov/ambench}},
	      note = {Accessed: 2020-03-08}
}

@misc{AFAM,
	  title = {{AFRL Additive Manufacturing Modeling Challenge Series}},
	    howpublished = {\url{https://www.americamakes.us/america-makes-and-afrl-announce-am-modeling-challenge/}},
	      note = {Accessed: 2020-07-07}
}

@article{AM_bench,
	  title={Outcomes and conclusions from the 2018 AM-Bench measurements, challenge problems, modeling submissions, and conference},
	    author={Levine, L. and Lane, B. and Heigel, J. and Migler, K. and Stoudt, M. and Phan, T. and Ricker, R. and Strantza, M. and Hill, M. and Zhang, F. and Seppala, J and Garboczi,E. and Bain, E. and Cole, D. and Allen, A. and Fox, J. and Campbell, C.},
	      journal={Integrating Materials and Manufacturing Innovation},
	        volume={9},
		  number={1},
		    pages={1--15},
		      year={2020},
		        publisher={Springer}
}

@article{AM_bench1,
	  title={In situ measurements of melt-pool length and cooling rate during 3D builds of the metal AM-Bench artifacts},
	    author={Heigel, J.  and Lane, B. and Levine, L.},
	      journal={Integrating Materials and Manufacturing Innovation},
	        volume={9},
		  number={1},
		    pages={31--53},
		      year={2020},
		        publisher={Springer}
}


@article{ALE3D3,
	  title={Controlling interdependent meso-nanosecond dynamics and defect generation in metal 3D printing},
	    author={Khairallah, S. and Martin, A. and Lee, J. and Guss, G. and Calta, N. and Hammons, J. and Nielsen, M. and Chaput, K. and Schwalbach, E. and Shah, M. and Chapman, G. and Willey, T. and Rubenchik, A. and Anderson, A. and Wang, Y. and Matthews, M. and King, W.},
	      journal={Science},
	        volume={368},
		  number={6491},
		    pages={660--665},
		      year={2020},
		        publisher={American Association for the Advancement of Science}
}

@article{ALE3D2,
	  title={Modulating laser intensity profile ellipticity for microstructural control during metal additive manufacturing},
	    author={Roehling, T. T. and Wu, S. and Khairallah, S. A. and Roehling, J. D. and Soezeri, S. S. and Crumb, M. F. and Matthews, M. J.},
	      journal={Acta Materialia},
	        volume={128},
		  pages={197--206},
		    year={2017},
		      publisher={Elsevier}
}

@article{ALE3D1,
	  title={Laser powder-bed fusion additive manufacturing: Physics of complex melt flow and formation mechanisms of pores, spatter, and denudation zones},
	    author={Khairallah, S. and Anderson, A. and Rubenchik, A. and King, W.},
	      journal={Acta Materialia},
	        volume={108},
		  pages={36--45},
		    year={2016},
		      publisher={Elsevier}
}

@techreport{ALE3D0,
	  title={ALE3D: An arbitrary Lagrangian-Eulerian multi-physics code},
	    author={Noble, C. and Anderson, A. and Barton, N. and Bramwell, J. and Capps, A. and Chang, M. and Chou, J. and Dawson, D. and Diana, E. and Dunn, T.},
	      year={2017},
	        institution={Lawrence Livermore National Lab.(LLNL), Livermore, CA (United States)}
}


@article{yan2018meso,
	  title={Meso-scale modeling of multiple-layer fabrication process in selective electron beam melting: inter-layer/track voids formation},
	    author={Yan, W. and Qian, Y. and Ge, W. and Lin, S. and Liu, W. K. and Lin, F. and Wagner, G. J.},
	      journal={Materials \& Design},
	        volume={141},
		  pages={210--219},
		    year={2018},
		      publisher={Elsevier}
}

@article{panwisawas2017mesoscale,
	  title={Mesoscale modelling of selective laser melting: Thermal fluid dynamics and microstructural evolution},
	    author={Panwisawas, C. and Qiu, C. and Anderson, M. J and Sovani, Y. and Turner, R. P. and Attallah, M. M. and Brooks, J. W. and Basoalto, H. C.},
	      journal={Computational Materials Science},
	        volume={126},
		  pages={479--490},
		    year={2017},
		      publisher={Elsevier}
}
@article{korner2011mesoscopic,
	  title={Mesoscopic simulation of selective beam melting processes},
	    author={K{\"o}rner, C. and Attar, E. and Heinl, P.},
	      journal={Journal of Materials Processing Technology},
	        volume={211},
		  number={6},
		    pages={978--987},
		      year={2011},
		        publisher={Elsevier}
}
@article{korner2013fundamental,
	  title={Fundamental consolidation mechanisms during selective beam melting of powders},
	    author={K{\"o}rner, C. and Bauerei{\ss}, A. and Attar, E.},
	      journal={Modelling and Simulation in Materials Science and Engineering},
	        volume={21},
		  number={8},
		    pages={085011},
		      year={2013},
		        publisher={IOP Publishing}
}
@article{attar2011lattice,
	  title={Lattice Boltzmann model for thermal free surface flows with liquid--solid phase transition},
	    author={Attar, E. and K{\"o}rner, C.},
	      journal={International Journal of Heat and Fluid Flow},
	        volume={32},
		  number={1},
		    pages={156--163},
		      year={2011},
		        publisher={Elsevier}
}

@article{yan2017multi,
	  title={Multi-physics modeling of single/multiple-track defect mechanisms in electron beam selective melting},
	    author={Yan, W. and Ge, W. and Qian, Y. and Lin, S. and Zhou, B. and Liu, W. K. and Lin, F. and Wagner, G. J.},
	      journal={Acta Materialia},
	        volume={134},
		  pages={324--333},
		    year={2017},
		      publisher={Elsevier}
}
@inproceedings{megahed2016powder,
	  title={Powder Bed Models-Numerical Assessment of As-Built Quality},
	    author={Megahed, M. and Mindt, H. and Shula, B. and Peralta, A. and Neumann, J.},
	      booktitle={57th AIAA/ASCE/AHS/ASC Structures, Structural Dynamics, and Materials Conference},
	        pages={1657},
		  year={2016}
}

@article{mindt2018modeling,
	  title={Modeling of powder bed manufacturing defects},
	    author={Mindt, H. W. and Desmaison, O. and Megahed, M. and Peralta, A. and Neumann, J.},
	      journal={Journal of Materials Engineering and Performance},
	        volume={27},
		  number={1},
		    pages={32--43},
		      year={2018},
		        publisher={Springer}
}
@article{shin2020deep,
author = {Zhang, B. and Hong, K. M. and Shin, Y.},
year = {2020},
month = {01},
pages = {},
title = {Deep-Learning-Based Porosity Monitoring of Laser Welding Process},
volume = {23},
journal = {Manufacturing Letters},
}
@article{shin2019micro,
author = {Liu, S and Hong, K. M. and Katinas, C and Shin, Y},
year = {2019},
month = {08},
pages = {579–587},
title = {Multiphysics modeling of phase transformation and microhardness evolution in laser direct deposited Ti6Al4V},
volume = {45},
journal = {Journal of Manufacturing Processes},
}

@article{zohdi2014direct,
	  title={A direct particle-based computational framework for electrically enhanced thermo-mechanical sintering of powdered materials},
	    author={Zohdi, T. I.},
	      journal={Mathematics and Mechanics of Solids},
	        volume={19},
		  number={1},
		    pages={93--113},
		      year={2014},
		        publisher={Sage Publications Sage UK: London, England}
}
@article{zohdi2014additive,
	  title={Additive particle deposition and selective laser processing-a computational manufacturing framework},
	    author={Zohdi, T. I.},
	      journal={Computational Mechanics},
	        volume={54},
		  number={1},
		    pages={171--191},
		      year={2014},
		        publisher={Springer}
}

@article{ganeriwala2014multiphysics,
	  title={Multiphysics modeling and simulation of selective laser sintering manufacturing processes},
	    author={Ganeriwala, R. and Zohdi, T. I},
	      journal={Procedia Cirp},
	        volume={14},
		  pages={299--304},
		    year={2014},
		      publisher={Elsevier}
}
@article{allen2020keyhole,
  title = {Energy-Coupling Mechanisms Revealed through Simultaneous Keyhole Depth and Absorptance Measurements during Laser-Metal Processing},
  author = {Allen, T. and Huang, W. and Tanner, J. and Tan, W. and Fraser, J. and Simonds, B.},
  journal = {Phys. Rev. Applied},
  volume = {13},
  issue = {6},
  pages = {064070},
  numpages = {13},
  year = {2020},
  month = {Jun},
  publisher = {American Physical Society}
}
@article{kouraytem2019keyhole,
  title = {Effect of Laser-Matter Interaction on Molten Pool Flow and Keyhole Dynamics},
  author = {Kouraytem, N. and Li, X. and Cunningham, R. and Zhao, C. and Parab, N. and Sun, T. and Rollett, A. and Spear, A. and Tan, W.},
  journal = {Phys. Rev. Applied},
  volume = {11},
  issue = {6},
  pages = {064054},
  numpages = {16},
  year = {2019},
  month = {Jun},
  publisher = {American Physical Society}
}
@article{WANG2020105950,
title = {Multi-physics modeling and Gaussian process regression analysis of cladding track geometry for direct energy deposition},
journal = {Optics and Lasers in Engineering},
volume = {127},
pages = {105950},
year = {2020},
issn = "0143-8166",
author = {Wang, S. and Zhu, L. and Fuh, J. and Zhang, H. and Yan, W.}
}

@article{akkerman2011isogeometric,
  title={Isogeometric analysis of free-surface flow},
  author={Akkerman, I and Bazilevs, Y and Kees, Chris E and Farthing, Matthew W},
  journal={Journal of Computational Physics},
  volume={230},
  number={11},
  pages={4137--4152},
  year={2011},
  publisher={Elsevier}
}

@article{ausas2011geometric,
  title={A geometric mass-preserving redistancing scheme for the level set function},
  author={Ausas, R. F. and Dari, E. A. and Buscaglia, G. C.},
  journal={International journal for numerical methods in fluids},
  volume={65},
  number={8},
  pages={989--1010},
  year={2011},
  publisher={Wiley Online Library}
}

@article{strain1999fast,
  title={Fast tree-based redistancing for level set computations},
  author={Strain, J.},
  journal={Journal of Computational Physics},
  volume={152},
  number={2},
  pages={664--686},
  year={1999},
  publisher={Elsevier}
}

@article{jin2005comparison,
  title={A comparison of algorithms for vertex normal computation},
  author={Jin, S. and Lewis, R. R. and West, D.},
  journal={The visual computer},
  volume={21},
  number={1},
  pages={71--82},
  year={2005},
  publisher={Springer}
}

@article{thurrner1998computing,
  title={Computing vertex normals from polygonal facets},
  author={Th{\"u}rrner, G. and W{\"u}thrich, C. A},
  journal={Journal of graphics tools},
  volume={3},
  number={1},
  pages={43--46},
  year={1998},
  publisher={Taylor \& Francis}
}

@article{jafari2018evaporation,
  title={Evaporation mass flux: a predictive model and experiments},
  author={Jafari, P. and Masoudi, A. and Irajizad, Peyman and Nazari, M. and Kashyap, V. and Eslami, B. and Ghasemi, H.},
  journal={Langmuir},
  volume={34},
  number={39},
  pages={11676--11684},
  year={2018},
  publisher={ACS Publications}
}

@article{brackbill1992continuum,
  title={A continuum method for modeling surface tension},
  author={Brackbill, J.  and Kothe, D. and Zemach, C.},
  journal={Journal of computational physics},
  volume={100},
  number={2},
  pages={335--354},
  year={1992},
  publisher={Elsevier}
}

@article{yokoi2014density,
  title={A density-scaled continuum surface force model within a balanced force formulation},
  author={Yokoi, K.},
  journal={Journal of Computational Physics},
  volume={278},
  pages={221--228},
  year={2014},
  publisher={Elsevier}
}

@article{devesse2015modeling,
  title={Modeling of laser beam and powder flow interaction in laser cladding using ray-tracing},
  author={Devesse, W. and De Baere, D. and Guillaume, P.},
  journal={Journal of Laser Applications},
  volume={27},
  number={S2},
  pages={S29208},
  year={2015},
  publisher={Laser Institute of America}
}

@article{liu2020new,
  title={A new ray tracing heat source model for mesoscale CFD simulation of selective laser melting (SLM)},
  author={Liu, B. and Fang, G. and Lei, L. and Liu, W.},
  journal={Applied Mathematical Modelling},
  volume={79},
  pages={506--520},
  year={2020},
  publisher={Elsevier}
}

@article{han2016study,
  title={A study on ray tracing method for CFD simulations of laser keyhole welding: progressive search method},
  author={Han, S. and Ahn, J. and Na, S.},
  journal={Welding in the World},
  volume={60},
  number={2},
  pages={247--258},
  year={2016},
  publisher={Springer}
}

@article{tan2013investigation,
  title={Investigation of keyhole plume and molten pool based on a three-dimensional dynamic model with sharp interface formulation},
  author={Tan, W. and Bailey, N. S. and Shin, Y. C.},
  journal={Journal of Physics D: Applied Physics},
  volume={46},
  number={5},
  pages={055501},
  year={2013},
  publisher={IOP Publishing}
}

@article{yang2018laser,
  title={Laser energy absorption behavior of powder particles using ray tracing method during selective laser melting additive manufacturing of aluminum alloy},
  author={Yang, Y. and Gu, D. and Dai, D. and Ma, C.},
  journal={Materials \& Design},
  volume={143},
  pages={12--19},
  year={2018},
  publisher={Elsevier}
}

@book{glassner1989introduction,
  title={An introduction to ray tracing},
  author={Glassner, A. S.},
  year={1989},
  publisher={Morgan Kaufmann}
}

@book{shirley2008realistic,
  title={Realistic ray tracing},
  author={Shirley, P. and Morley, R. K.},
  year={2008},
  publisher={AK Peters, Ltd.}
}

@article{olsson2007conservative,
  title={A conservative level set method for two phase flow II},
  author={Olsson, E. and Kreiss, G. and Zahedi, S.},
  journal={Journal of Computational Physics},
  volume={225},
  number={1},
  pages={785--807},
  year={2007},
  publisher={Elsevier}
}

@article{laadhari2010improving,
  title={Improving the mass conservation of the level set method in a finite element context},
  author={Laadhari, A. and Saramito, P. and Misbah, C.},
  journal={Comptes Rendus Mathematique},
  volume={348},
  number={9-10},
  pages={535--540},
  year={2010},
  publisher={Elsevier}
}

@article{newmark1959method,
  title={A method of computation for structural dynamics},
  author={Newmark, N. M.},
  journal={Journal of the engineering mechanics division},
  volume={85},
  number={3},
  pages={67--94},
  year={1959},
  publisher={ASCE}
}

@book{logg2012automated,
  title={Automated solution of differential equations by the finite element method: The FEniCS book},
  author={Logg, A. and Mardal, K. and Wells, G.},
  volume={84},
  year={2012},
  publisher={Springer Science \& Business Media}
}

@article{balay2019petsc,
  title={PETSc users manual},
  author={Balay, S. and Abhyankar, S. and Adams, M. and Brown, J. and Brune, P. and Buschelman, K. and Dalcin, L. and Dener, A. and Eijkhout, V. and Gropp, W. and others},
  year={2019},
  publisher={Argonne National Laboratory}
}

@inproceedings{brown2012composable,
  title={Composable linear solvers for multiphysics},
  author={Brown, J. and Knepley, M. G. and May, D. A. and McInnes, L. C. and Smith, B.},
  booktitle={2012 11th International Symposium on Parallel and Distributed Computing},
  pages={55--62},
  year={2012},
  organization={IEEE}
}

@article{saad1999distributed,
  title={Distributed Schur complement techniques for general sparse linear systems},
  author={Saad, Y. and Sosonkina, M.},
  journal={SIAM Journal on Scientific Computing},
  volume={21},
  number={4},
  pages={1337--1356},
  year={1999},
  publisher={SIAM}
}

@book{trottenberg2000multigrid,
  title={Multigrid},
  author={Trottenberg, U. and Oosterlee, C. W. and Schuller, A.},
  year={2000},
  publisher={Elsevier}
}

@article{yang2002boomeramg,
  title={BoomerAMG: a parallel algebraic multigrid solver and preconditioner},
  author={Yang, U. M. and others},
  journal={Applied Numerical Mathematics},
  volume={41},
  number={1},
  pages={155--177},
  year={2002},
  publisher={Elsevier}
}

@inproceedings{falgout2002hypre,
  title={hypre: A library of high performance preconditioners},
  author={Falgout, R. D. and Yang, U. M.},
  booktitle={International Conference on Computational Science},
  pages={632--641},
  year={2002},
  organization={Springer}
}

@article{bazilevs2007variational,
  title={Variational multiscale residual-based turbulence modeling for large eddy simulation of incompressible flows},
  author={Bazilevs, Y. and Calo, V.M. and Cottrell, J.A. and Hughes, T.J.R. and Reali, A. and Scovazzi, G.},
  journal={Computer methods in applied mechanics and engineering},
  volume={197},
  number={1-4},
  pages={173--201},
  year={2007},
  publisher={Elsevier}
}

@article{gu2018interface,
  title={Interface-preserving level set method for simulating dam-break flows},
  author={Gu, Z. H. and Wen, H. L. and Yu, C. H. and Sheu, T. W.},
  journal={Journal of computational physics},
  volume={374},
  pages={249--280},
  year={2018},
  publisher={Elsevier}
}

@article{mut2006new,
  title={New mass-conserving algorithm for level set redistancing on unstructured meshes},
  author={Mut, F. and Buscaglia, G. C. and Dari, E. A},
  year={2006}
}

@article{zhao2020variational,
  title={Variational multi-scale modeling of interfacial flows with a balanced-force surface tension model},
  author={Zhao, Z. and Yan, J.},
  journal={Mechanics Research Communications},
  pages={103608},
  year={2020},
  publisher={Elsevier}
}

@article{solomenko2017mass,
  title={Mass conservation and reduction of parasitic interfacial waves in level-set methods for the numerical simulation of two-phase flows: a comparative study},
  author={Solomenko, Z. and Spelt, P. D.M. and Naraigh, L. O. and Alix, P.},
  journal={International Journal of Multiphase Flow},
  volume={95},
  pages={235--256},
  year={2017},
  publisher={Elsevier}
}

@article{yuan2018simple,
  title={A simple mass-conserved level set method for simulation of multiphase flows},
  author={Yuan, H.Z. and Shu, C. and Wang, Y. and Shu, S.},
  journal={Physics of Fluids},
  volume={30},
  number={4},
  pages={040908},
  year={2018},
  publisher={AIP Publishing LLC}
}

@article{cunningham2019keyhole,
  title={Keyhole threshold and morphology in laser melting revealed by ultrahigh-speed x-ray imaging},
  author={Cunningham, R. and Zhao, C. and Parab, N. and Kantzos, C. and Pauza, J. and Fezzaa, K. and Sun, T. and Rollett, A. D.},
  journal={Science},
  volume={363},
  number={6429},
  pages={849--852},
  year={2019},
  publisher={American Association for the Advancement of Science}
}
@article{schillinger2015finite,
  title={The Finite Cell Method: A review in the context of higher-order structural analysis of CAD and image-based geometric models},
  author={Schillinger, D. and Ruess, M.},
  journal={Archives of Computational Methods in Engineering},
  volume={22},
  number={3},
  pages={391--455},
  year={2015},
  publisher={Springer}
}
@inproceedings{wald2009state,
  title={State of the art in ray tracing animated scenes},
  author={Wald, I. and Mark, W. R. and G{\"u}nther, J. and Boulos, S. and Ize, T. and Hunt, W. and Parker, S. G. and Shirley, P.},
  booktitle={Computer graphics forum},
  volume={28},
  pages={1691--1722},
  year={2009},
  organization={Wiley Online Library}
}
@inproceedings{bigler2006design,
  title={Design for parallel interactive ray tracing systems},
  author={Bigler, J. and Stephens, A. and Parker, S. G.},
  booktitle={2006 IEEE Symposium on Interactive Ray Tracing},
  pages={187--196},
  year={2006},
  organization={IEEE}
}
@article{zhao2022enriched,
  title={Enriched immersed boundary method (EIBM) for interface-coupled multi-physics and applications to convective conjugate heat transfer},
  author={Zhao, Z. and Yan, J.},
  journal={Computer Methods in Applied Mechanics and Engineering},
  volume={401},
  pages={115667},
  year={2022},
  publisher={Elsevier}
}
@article{Schwarz1869,
title = {Ueber einige Abbildungsaufgaben.},
author = {Schwarz, H.},
pages = {105--120},
volume = {1869},
number = {70},
journal = {Journal für die reine und angewandte Mathematik},
year = {1869},
}
@article{tang2021review,
  title={A review of domain decomposition methods for simulation of fluid flows: Concepts, algorithms, and applications},
  author={Tang, H. and Haynes, R. and Houzeaux, G.},
  journal={Archives of Computational Methods in Engineering},
  volume={28},
  pages={841--873},
  year={2021},
  publisher={Springer}
}
@book{dolean2015introduction,
  title={An introduction to domain decomposition methods: algorithms, theory, and parallel implementation},
  author={Dolean, V. and Jolivet, P. and Nataf, F.},
  year={2015},
  publisher={SIAM}
}
@article{gander2008schwarz,
  title={Schwarz methods over the course of time},
  author={Gander, M.},
  journal={Electron. Trans. Numer. Anal},
  volume={31},
  number={5},
  pages={228--255},
  year={2008}
}
@incollection{oliger1986convergence,
  title={Convergence analysis and acceleration of the Schwarz alternating method},
  author={Oliger, J. and Skamarock, W. and Tang, W.},
  booktitle={Stanford Tech. Report},
  year={1986},
  publisher={Stanford Univ Stanford}
}
@phdthesis{nataf1994optimal,
  title={Optimal interface conditions for domain decomposition methods},
  author={Nataf, F. and Rogier, F. and de Sturler, E.},
  year={1994},
  school={CMAP Ecole Polytechnique}
}
@article{gander2022schwarz,
  title={Schwarz methods by domain truncation},
  author={Gander, M. and Zhang, H.},
  journal={Acta Numerica},
  volume={31},
  pages={1--134},
  year={2022},
  publisher={Cambridge University Press}
}
@article{martin2005optimized,
  title={An optimized Schwarz waveform relaxation method for the unsteady convection diffusion equation in two dimensions},
  author={Martin, V.},
  journal={Applied Numerical Mathematics},
  volume={52},
  number={4},
  pages={401--428},
  year={2005},
  publisher={Elsevier}
}
@article{mota2017schwarz,
  title={The Schwarz alternating method in solid mechanics},
  author={Mota, A. and Tezaur, I. and Alleman, C.},
  journal={Computer Methods in Applied Mechanics and Engineering},
  volume={319},
  pages={19--51},
  year={2017},
  publisher={Elsevier}
}
@article{alcin2013efficiency,
  title={Efficiency and scalability of a two-level Schwarz algorithm for incompressible and compressible flows},
  author={Alcin, H. and Koobus, B. and Allain, O. and Dervieux, A.},
  journal={International Journal for Numerical Methods in Fluids},
  volume={72},
  number={1},
  pages={69--89},
  year={2013},
  publisher={Wiley Online Library}
}
@article{martinez2023schwarz,
  title={A Schwarz alternating method for an evolution convection problem},
  author={Mart{\'\i}nez, D. and Pla, F. and Herrero, H. and Fern{\'a}ndez-P{\'e}rez, A.},
  journal={Applied Numerical Mathematics},
  year={2023},
  publisher={Elsevier}
}
@article{zhao2023computational,
  title={Computational multi-phase convective conjugate heat transfer on overlapping meshes: a quasi-direct coupling approach via Schwarz alternating method},
  author={Zhao, Z. and Zhu, Q. and Karuppiah, A. and Stuebner, M. and Lua, J. and Phan, N. and Yan, J.},
  journal={Computational Mechanics},
  volume={71},
  number={1},
  pages={71--88},
  year={2023},
  publisher={Springer}
}
@article{kim2023flier,
  title={Functional bio-inspired hybrid fliers with separated ring and leading edge vortices},
  author={Kim, J. and Yoon, H. and Cheng, S. and Liu, F. and Kang, S. and Paudel, S. and Cho, D. and Luan, H. and Lee, M. and Jeong, G. Park, J. and Huang, Y. and Lee, S. and Cho, M. and Lee, G. and Han, M. and Kim, B. and Yan, J. and Park, Y. and Jung, S. and Chamorro, L. and Rogers, J.},
  journal={Nature Communications},
  year={2023},
}
@article{du2023modeling,
  title={Modeling density-driven flow in porous media by physics-informed neural networks for CO2 sequestration},
  author={Du, H. and Zhao, Z. and Cheng, H. and Yan, J. and He, Q.},
  journal={Computers and Geotechnics},
  volume={159},
  pages={105433},
  year={2023},
  publisher={Elsevier}
}
@article{iyer2022wind,
  title={Wind dispersal of battery-free wireless devices},
  author={Iyer, V. and Gaensbauer, H. and Daniel, T. L. and Gollakota, S.},
  journal={Nature},
  volume={603},
  number={7901},
  pages={427--433},
  year={2022},
  publisher={Nature Publishing Group UK London}
}
@article{cummins2018separated,
  title={A separated vortex ring underlies the flight of the dandelion},
  author={Cummins, C. and Seale, M. and Macente, A. and Certini, D. and Mastropaolo, E. and Viola, I. M. and Nakayama, N.},
  journal={Nature},
  volume={562},
  number={7727},
  pages={414--418},
  year={2018},
  publisher={Nature Publishing Group UK London}
}
@article{lentink2009leading,
  title={Leading-edge vortices elevate lift of autorotating plant seeds},
  author={Lentink, D. and Dickson, W. B. and Van Leeuwen, J. L. and Dickinson, M. H.},
  journal={Science},
  volume={324},
  number={5933},
  pages={1438--1440},
  year={2009},
  publisher={American Association for the Advancement of Science}
}

